2656 4890
148 278 211 338 152
379 306 384 313 ·
425 290 692 335 rurnnrasrsrro
716 290 807 338 vuius.
832 273 883 332 32.

148 462 270 525 multae
284 462 367 526 uliae
382 460 511 524 obstent
526 460 738 524 difficultates.
751 461 821 523 Nee
833 464 942 523 tamen
953 479 1064 523 eurum
1076 479 1166 523 eom-

147 574 345 639 memoratio·
351 573 537 656 requiritur,
552 573 706 654 quoniam
721 571 818 636 hodie
832 572 919 637 inter
929 572 1029 635 ¹Viros
1043 573 1170 641 nouus

147 692 244 753 nemo
261 694 326 764 est,
344 686 399 768 qui
418 690 524 768 portes
541 685 614 751 illas
632 690 793 767 sequatur.
810 687 976 769 Superest,
992 690 1032 748 ut
1048 686 1170 753 nonni-

148 801 196 865 hil
213 801 317 865 diuam
336 799 376 863 de
394 798 497 863 verbis
514 797 556 868 ἐν
569 790 720 892 Ἐφέσῳ,
736 797 777 863 de
795 796 913 880 quibus
930 797 1171 880 leviore-quae

149 915 226 979 dam
253 918 426 978 meantes
452 911 608 977 ooniieere
633 912 776 976 memini.
800 913 891 976 Haeo
917 918 1026 977 autem
1050 930 1172 977 eonve-

148 1028 245 1091 niunt
267 1025 353 1102 urbi,
372 1046 455 1107 quae
472 1044 597 1108 pugnae
616 1025 877 1088 hominumoum
896 1025 1079 1089 feris-haud
1098 1044 1173 1089 raro

149 1139 295 1222 praebuit
324 1139 548 1222 spectaculum.
576 1139 641 1203 Sed
667 1139 709 1215 si,
735 1138 785 1201 uti
811 1158 918 1221 spero,
944 1138 1174 1222 praecedentia

150 1276 194 1317 vs.
214 1256 254 1317 31
275 1252 357 1317 bene
374 1251 532 1330 intellexi,
552 1250 604 1314 bic
624 1251 755 1334 quidem
773 1270 886 1316 eorum
906 1251 1173 1323 desiderium-re-

148 1368 252 1449 linqui
275 1388 340 1429 non
362 1366 477 1448 potuit.
496 1367 584 1429 Nam
606 1386 626 1427 a
648 1372 825 1431 memorato
848 1366 1037 1448 quotidiano
1055 1366 1173 1429 mortis
1211 1357 1215 1364 ⁴

150 1480 305 1562 periculo,
321 1479 414 1543 euius
435 1479 497 1562 ipsi
519 1479 616 1541 huius
634 1479 803 1562 ,Epistolae
824 1456 959 1545 lectores
981 1485 1082 1545 teste·
1100 1478 1173 1543 fue·

149 1599 223 1657 rant
255 1593 408 1670 Corinthi,
434 1593 599 1675 perspicue
623 1590 888 1674 distinguendum
913 1598 983 1657 erat
1009 1593 1174 1676 singulare

150 1706 261 1788 capitis
281 1705 494 1783 discrimen,
484 1728 519 1768 1n
538 1705 625 1787 quod
642 1707 758 1786 Ephesi
774 1705 944 1783 inciderat,
964 1706 1013 1770 vel
1032 1705 1121 1788 qnod
1140 1727 1175 1771 se

154 1821 269 1901 Ephesi
287 1819 436 1884 subiisse
433 1819 618 1900 cogitando
628 1818 832 1903 fingebat.-
1125 1870 1129 1875 .

197 1933 385 2014 Sequentia.
406 1933 435 2000 εἰ
457 1929 579 2022 νεκροὶ
596 1924 666 2003 οὐκ
684 1930 883 2024 ἐγείρονται
902 1884 1021 1998 Editio
1032 1870 1176 2020 Recepta

152 2047 314 2113 connectit
332 2066 408 2109 eum
425 2045 570 2113 membro
587 2047 693 2130 priori
710 2048 763 2111 Ita
782 2066 1174 2124 rsase1ns,·r1seononr-

152 2180 227 2238 nus,
248 2160 569 2238 oncnnnn1os,·=alii,
588 2174 670 2242 quos
693 2166 804 2225 nostra
824 2162 979 2226 memoria
1001 2161 1102 2226 etiam
1124 2182 1172 2227 se-

151 2275 218 2338 cuti
237 2279 315 2338 sunt
333 2292 539 2338 nosvnnmos
558 2280 591 2339 et
610 2293 767 2338 nunnius.
787 2274 962 2352 Nonnulli,
981 2295 1023 2338 en
1043 2273 1172 2340 eusdem

151 2388 186 2451 in
205 2392 312 2470 partes
331 2387 474 2453 eundum
492 2394 590 2466 esset,
610 2387 813 2466 dubitarunt,
829 2394 866 2454 nt
885 2392 1091 2453 uiicnrnrus.
1108 2388 1172 2454 Sed

152 2499 321 2565 reete-iam
334 2519 603 2565 ensrsosronus
618 2523 693 2567 oum
709 2521 989 2581 nnnornrnscro,
1006 2520 1172 2577 cnnvrso,

153 2632 296 2682 ceresio
312 2614 572 2679 etreoenliornm
587 2617 805 2699 Interpretum
816 2615 975 2700 plerisque
986 2615 1068 2681 haee
1078 2613 1172 2684 verba

152 2726 249 2790 refert
274 2726 316 2790 ad
339 2727 520 2792 membrum
542 2729 714 2812 posterius:
737 2722 919 2822 φάγωμεν
940 2725 1001 2798 καὶ
1020 2725 1250 2818 πίωμεν*

152 2831 283 2929 αὔριον
305 2833 376 2931 γὰρ
395 2831 701 2931 ἀποθνήσκομεν,
720 2842 992 2926 quemadmodum
1011 2860 1225 2906 sumens
1236 2914 1255 2923 ,

155 2971 254 3014 omns
277 2952 396 3035 aliique
418 2953 555 3018 editores
578 2955 730 3020 feoenmt.
749 2957 794 3019 Et
812 2955 952 3040 primum
970 2955 1103 3038 quidem
1122 2975 1255 3033 νος

154 3066 318 3129 risimilius
338 3072 400 3143 est,
416 3074 588 3151 utramque
604 3068 702 3132 huius
717 3089 826 3134 versus
841 3075 965 3153 partem
980 3068 1255 3149 sententium¹

156 3180 407 3264 Ilypothetioam
429 3181 607 3259 continere,
628 3203 725 3264 quam
748 3187 911 3247 auctorem
932 3183 968 3244 in
991 3182 1090 3266 priori
1113 3181 1255 3261 dett,

155 3313 293 3369 sumere,
308 3293 342 3357 in
361 3294 529 3377 posteriori
547 3294 638 3358 nibil.
658 3294 786 3359 Deinde
804 3300 979 3372 structuua,
996 3317 1095 3378 quam
1109 3315 1255 3367 ves«

156 3407 205 3469 sui
237 3408 280 3468 29
311 3406 514 3471 tribuendam
544 3428 613 3472 esse
642 3408 795 3485 vidimus,
828 3408 991 3473 evidenter
1021 3409 1129 3486 doeet,
1206 3467 1248 3498 ι

157 3518 363 3583 distinetione
385 3526 512 3604 recepta
532 3519 587 3584 hie
608 3520 822 3586 recedendum
841 3541 918 3586 esse
938 3523 1022 3585 'lum
1039 3522 1255 3597 dormitu

156 3654 247 3702 κατα
235 3624 533 3724 ἄνθρωπον,
508 3656 536 3696 s1
555 3632 637 3698 bene
656 3633 845 3718 explicatur,
866 3644 975 3719 reapse
994 3635 1110 3701 eodem
1127 3656 1185 3701 1-

157 3745 206 3809 dit
227 3767 264 3810 ee
283 3745 378 3811 verba
397 3747 426 3816 εἰ
443 3745 564 3837 νεκροὶ
581 3738 651 3818 οὐκ
668 3746 867 3839 ἐγείρονται
885 3755 983 3831 atque
999 3749 1176 3813 ideireo
1189 3778 1255 3819 0

157 3860 207 3923 his
231 3861 369 3942 separari
392 3859 494 3925 dehet.
473 3863 665 3944 tDenique
687 3863 787 3925 nisi
768 3861 863 3927 rerba
881 3862 938 3925 illa
956 3863 1080 3926 faciunt
1099 3864 1255 3930 1²19]

157 3972 256 4050 tasin,
273 3974 326 4037 oui
344 3973 536 4057 respondeat
554 3976 713 4060 Apodosis
740 3969 920 4070 φάγωμεν
935 3983 994 4041 oet
1012 3973 1255 4060 prosus-„rb

159 4086 215 4148 illo
234 4087 331 4152 series
350 4088 595 4170 argumentandi
614 4089 867 4173 interrumpitur.
883 4091 1011 4154 Horum
1022 4109 1097 4154 vero
1112 4092 1255 4173 [311⁶

159 4219 256 4281 raquo
276 4207 308 4263 et
327 4186 397 4263 alia¹
408 4202 538 4285 insuper
556 4203 680 4265 notavit
697 4222 870 4265 unnnnus.
888 4205 959 4268 Iam
975 4204 1118 4267 oratione
1201 4207 1248 4276 sie

159 4313 348 4390 constituta,
364 4314 511 4397 Apostoli
530 4336 620 4380 mens
641 4323 700 4380 ost:
720 4317 893 4394 Sumumus,
910 4320 1008 4381 utullus
1023 4339 1083 4383 esse
1098 4335 1221 4379 nuor-
