2656 4890
161 283 223 344 154
450 263 721 345 turuassnmrro
747 299 835 343 snus.
860 281 911 343 33.

159 469 308 544 auctoris,
322 487 501 532 naussum
516 471 554 549 ¹),
567 468 623 550 qui
636 488 722 544 eum,
734 467 763 531 si
776 486 1016 537 vsacsuusuro
1029 467 1109 537 fides
1122 473 1184 546 ar,

160 600 316 644 nuurnrnr
344 580 462 645 debuit.
489 581 587 646 Quod
612 599 832 644 manourmus
851 588 960 646 namot
977 583 1185 664 dissutus

157 695 243 758 hunc
255 715 381 760 versum
392 715 431 759 ex
443 714 623 758 naussum
634 694 800 758 comoedia
811 694 978 778 sumsisse,
991 694 1079 779 haud
1096 695 1182 772 scio,

159 830 178 872 a
197 829 337 891 quonam
355 807 519 893 acceperit.
531 807 637 873 Aliter
649 820 878 886 oscuunruus,
890 828 1042 891 quocum,
1054 815 1186 893 praeter

159 940 388 1001 scavanorum,
403 940 583 1000 sorriana,
595 921 713 1005 aliique
724 922 943 999 consentiunt,
954 921 1039 987 bano
1049 926 1189 989 sentus*

157 1022 248 1101 tism'
258 1027 481 1126 Λακωνικὴν
505 1031 568 1106 καὶ
591 1026 753 1129 ἀρχαίαν
777 1031 980 1130 παροιμίαν
1005 1033 1184 1119 appellas·-

157 1149 523 1232 Neqneincontrariam
532 1154 656 1234 partem
666 1147 773 1215 afferri
783 1153 919 1234 possint
928 1147 1025 1214 verbs
1032 1167 1182 1213 ranunc-

157 1276 267 1327 arsur:
287 1282 400 1328 mmor
417 1265 500 1328 ἱὶίὶνο
516 1264 658 1328 vesicas
671 1263 854 1350 sacebfiocti
866 1283 923 1345 per
936 1262 1120 1344 Apostolum
1134 1263 1182 1344 ὅ),

157 1375 274 1461 quippe
289 1395 371 1459 quae
389 1381 552 1441 auctorem
563 1397 630 1440 nou
641 1381 829 1441 memorant
842 1376 1018 1460 Apostolus
1029 1380 1132 1453 certe,
1151 1376 1183 1440 si

157 1490 277 1554 Poiitae
299 1456 382 1554 libio
396 1494 551 1572 tanquam
564 1489 656 1554 fonte
666 1488 832 1566 utebatur,
844 1488 981 1558 scribere
991 1509 1058 1553 non
1068 1487 1192 1572 potuit-

154 1594 311 1695 χρηστά,
323 1602 409 1687 quod
424 1603 487 1687 legi
502 1603 666 1668 iusserunt
679 1621 942 1680 amsmacmus,
955 1620 1180 1680 urrunnun,

156 1735 323 1796 vernaus,
343 1734 587 1794 consensurus,
606 1734 802 1794 scansurus,
819 1732 1111 1781 r1scsnunosr1us
1116 1763 1127 1794 ,
1144 1721 1181 1780 ot

155 1848 258 1913 nuper
278 1829 455 1915 probarunt
478 1849 655 1906 narratus,
673 1848 837 1908 wnrrrus,
858 1848 1181 1912 os1sunua,quem·

154 1941 328 2007 admodmn
345 1949 489 2007 veterum
503 1942 696 2008 testimoniis
710 1941 962 2007 cormnendatur.
977 1940 1043 2007 Sed
1056 1941 1181 2007 Mons-

154 2055 302 2134 chornm,
318 2057 374 2140 qui
392 2056 537 2140 exempla
556 2054 792 2135 describebant,
806 2055 942 2120 fortasse
959 2055 1010 2120 vel
1022 2055 1180 2138 ignoran-

154 2169 201 2234 tia
229 2170 280 2234 vel
309 2170 508 2255 superstitio,
534 2191 662 2237 versum
691 2169 831 2234 hominis
857 2169 984 2253 profani
1013 2167 1180 2252 Apostolo

152 2283 322 2367 indignum
344 2283 480 2361 babens,
499 2283 620 2348 multos
642 2283 678 2347 in
700 2283 839 2360 codices,
860 2283 958 2347 etiam
979 2282 1016 2346 in
1038 2282 1180 2349 Patron

153 2416 262 2480 opera,
284 2388 425 2487 χρηστὰ
447 2416 506 2479 pro
526 2387 662 2488 χρῆσθ’
687 2395 880 2480 importavit.
900 2396 1011 2478 Atque
1031 2394 1080 2459 ita
1102 2415 1179 2461 sau·

154 2509 216 2575 tire
240 2509 391 2574 videntur
416 2526 646 2573 ascensurus
673 2513 707 2573 et
733 2527 1000 2586 casurusnruus,
1026 2507 1179 2573 Editioni

155 2624 315 2707 Receptae
332 2623 570 2707 patrocinantes
589 2624 627 2705 ⁴).

198 2736 361 2802 Proverbii
387 2737 475 2819 quod
496 2736 614 2801 attinet
636 2756 781 2812 sensum,
805 2733 1011 2799 Adiectivum
1032 2726 1174 2825 χρῆσθ’

152 2850 203 2913 vel
224 2842 379 2942 χρηστὰ,
400 2842 500 2932 quum
523 2850 553 2915 ei
571 2849 753 2933 oppositum
771 2848 815 2912 sit
832 2843 956 2934 κακαί,
972 2867 1048 2911 cum
1068 2866 1178 2913 ruso·

153 2981 329 3026 rnrnscro
352 2963 486 3046 aliisque
508 2957 731 3046 explicandum
753 2983 821 3025 non
844 2967 893 3025 est
915 2951 1177 3051 εὐεξαπάτητοι

153 3076 252 3139 Haud
271 3076 367 3140 dubie
387 3077 455 3140 boul
473 3077 694 3160 significantur
711 3095 822 3151 utores,
837 3074 871 3137 id
890 3079 953 3150 est,
971 3074 1103 3138 beaune
1115 3094 1180 3139 suu

152 3211 259 3255 suaves
282 3197 311 3254 el
334 3191 454 3254 cuilibet
474 3211 506 3255 se
529 3190 779 3266 commendantes,
802 3194 841 3251 ut
863 3207 975 3251 omnes
996 3186 1095 3251 hodie
1118 3208 1178 3251 su-

152 3311 246 3367 munt
274 3295 469 3388 Interpretes
501 3302 666 3368 observato
691 3301 845 3384 loquendi
869 3274 950 3364 usu.¹
966 3299 1177 3365 Vocabulum

150 3408 287 3505 ὁμιλίαι
304 3418 464 3501 Vulgatus
480 3417 617 3481 Latinus
631 3417 860 3499 interpretatur
875 3415 1032 3496 colloquia.
1047 3413 1176 3496 Vulga-

163 3612 319 3624 nnn—*—

185 3745 208 3810 ι)
224 3744 286 3793 Vide
304 3757 456 3792 marsuam
474 3743 616 3805 Fruqmeot.
633 3755 659 3802 p.
679 3740 710 3789 lb
728 3740 773 3788 Ed.
793 3752 947 3789 usruucrs.

186 3850 208 3910 ²)
227 3849 274 3910 Ep.
290 3849 324 3895 cd
339 3848 395 3896 Gal.
411 3846 472 3908 Cap.
488 3850 513 3895 4.
529 3845 594 3907 Opp.
610 3846 639 3893 T.
657 3845 699 3892 IV.
716 3844 743 3891 P.
762 3846 785 3891 l.
801 3856 826 3903 p.
843 3844 891 3890 280
906 3856 994 3890 usur.

186 3953 208 4017 ²)
226 3953 267 4001 Aa
283 3966 386 4000 acorem
404 3949 457 3998 Lib.
477 3951 498 3997 l.
517 3950 577 4011 Cap.
597 3948 621 3998 7,

184 4057 207 4119 ⁸)
224 4054 354 4118 Scriptioni
362 4054 509 4116 depravatae
517 4051 585 4102 favet
593 4052 682 4100 Hamil.
696 4052 769 4099 clem.
781 4051 824 4099 IV.
836 4051 897 4111 Cap.
905 4051 936 4097 24
944 4049 1173 4107 ,ubisc'uwnana-

151 4147 202 4184 sus
216 4135 289 4183 etiam
304 4133 388 4183 edidit:
401 4133 549 4199 φθείρουσιν
562 4124 610 4194 ἢθη
623 4122 720 4197 χρηστοὶ
735 4124 832 4195 ὁμιλίαι
846 4129 935 4189 κοιναί,
948 4127 1012 4190 quod
1025 4124 1056 4174 ab
1067 4124 1175 4178 buetore

148 4211 285 4275 protectum
306 4226 359 4262 esse
378 4211 537 4274 intelligimus
558 4225 588 4258 ex
608 4207 777 4271 sequentibus:
797 4201 890 4256 οὗκοῦν
910 4201 1099 4273 ἐπανορθοῦσιν
1120 4200 1175 4270 ἢθη

148 4286 262 4359 ἄχρηστα
280 4287 377 4356 ὁμιλίαι
394 4290 476 4338 καλαί.
493 4293 574 4351 Atque
590 4289 655 4337 idem
673 4281 770 4354 χρηστὰ
788 4287 879 4335 editum
898 4290 935 4334 est
952 4301 965 4332 u
984 4298 1126 4334 cossubito
1147 4286 1173 4333 in

152 4372 218 4432 spir.
238 4372 267 4418 dc
281 4370 358 4432 pestis
376 4370 456 4416 Petri.
476 4370 535 4430 Cap.
558 4367 598 4416 53.
