2656 4890
431 306 698 351 rsrnsrusramo
722 306 813 351 usus
837 289 888 350 52.
1103 290 1168 351 223

153 477 370 557 lium-equum
404 475 600 558 Interpretes
631 474 842 539 recentissimi
875 474 943 538 fere
974 494 1086 539 omnes
1119 475 1170 540 rei

154 585 415 671 Impersomliter
440 587 565 670 accipi,
578 586 629 650 vel
650 587 802 670 explicati
822 585 940 651 veilent
953 586 1171 671 intelligendo

152 691 182 769 ὁ·
216 692 318 786 Θαίς,
337 700 392 767 rel
420 692 440 770 ὅ
468 692 618 793 Κύριος,
651 700 703 764 vel
730 692 750 769 ὁ
773 690 1026 793 Ἀρχάγγιλος,
1061 700 1112 765 vel
1148 693 1169 770 ὁ

153 810 383 905 ααῖααγιιτης,
409 813 504 896 louge
525 813 720 896 quaesivisse
744 813 909 891 videntur,
932 814 1019 897 quod
1044 819 1171 898 praesto

153 932 212 993 est.
223 926 350 993 Quidni
364 926 450 991 euim
460 931 623 1009 repetatur
632 917 657 1015 ἡ
667 917 835 1018 σάλπιγξ,
846 927 913 1004 uti,
926 927 1012 1010 quod
1024 944 1170 997 rasurus

154 1039 359 1115 monstravit,
387 1041 410 1103 2
443 1040 553 1105 Cbroa
586 1039 715 1107 XXIX:
746 1041 789 1104 28
818 1040 962 1124 legimus.
984 1032 1172 1134 σάλιαγγιις

154 1149 409 1240 amicaverit
433 1153 588 1219 Similiter
606 1153 670 1217 Iob.
690 1151 851 1220 XXXIX:
875 1155 933 1230 24,
957 1156 1013 1218 25:
1037 1153 1101 1235 ἕως
1121 1146 1171 1224 ἂν

153 1257 303 1357 σημαίνῃ
337 1258 493 1355 odom}
530 1271 563 1330 et
598 1258 791 1358 odirtsyyor
831 1257 1088 1359 σημαινούσης.
1122 1266 1171 1330 of.

154 1384 178 1442 4
196 1381 269 1445 mr.
293 1381 358 1446 VI:
382 1382 435 1444 23.
453 1378 576 1446 Eadem
598 1380 751 1444 motionis
773 1379 981 1464 complendae
1000 1380 1171 1445 ratioiam

152 1492 274 1576 placuit
292 1460 510 1570 occursuro:
521 1510 631 1557 uncus
648 1494 817 1576 Broqensi,
833 1513 927 1558 usuro
942 1493 1170 1576 omnibusque,

153 1611 313 1688 quotquot
343 1606 506 1691 Volusium
531 1607 678 1673 Latinum
701 1605 925 1689 sequebantur.
948 1608 1039 1671 Haec
1063 1611 1172 1671 sutem

151 1715 311 1791 crisma
335 1711 407 1812 γὰρ
435 1711 474 1809 (ἡ
500 1711 666 1811 σοι’]ιτιγξ)
695 1741 752 1804 per
773 1720 969 1785 Particulom
991 1715 1053 1805 mi
1072 1739 1170 1804 oopu-

151 1831 219 1897 lata
246 1839 325 1901 runt
352 1854 428 1901 cum
456 1832 680 1915 sequentibus,
707 1855 745 1901 ac
773 1833 800 1896 si
826 1838 938 1899 auctor
962 1833 1088 1917 scripsit
1112 1829 1173 1904 καὶ

149 1937 229 2017 τότε
264 1947 301 2030 ¹).
329 1946 407 2014 Duo
439 1945 539 2029 igitur
571 1952 795 2030 proponuntur
822 1948 978 2011 contiuuo
1008 1952 1169 2013 eventius.

151 2058 295 2129 Verbum
330 2050 615 2149 ἀναστήσονται,
648 2058 735 2143 quod
767 2078 998 2125 nrcuursuus
1029 2081 1088 2144 =pr0
1120 2080 1170 2125 re·

149 2178 243 2256 cepto
272 2164 538 2267 ἐγερθήσονται
562 2172 746 2250 substituit,
769 2173 874 2237 eidem
900 2172 1079 2256 omngendi
1101 2179 1170 2237 stir-

152 2285 206 2349 dio
243 2286 392 2366 debetur,
426 2309 491 2370 quo
526 2287 631 2358 oratio
667 2308 711 2351 ss.
749 2289 790 2351 51
828 2290 977 2370 corrupta
1014 2291 1078 2364 est,
1111 2305 1171 2352 neo

150 2399 344 2469 testimoniis
375 2401 493 2465 nititur
524 2400 679 2484 gravitate
711 2398 901 2482 aequalibus
930 2418 1058 2477 eorum,
1087 2419 1171 2482 quae

152 2515 331 2598 Receptum
356 2513 440 2579 illud
464 2519 604 2579 tuentur.
629 2513 693 2578 Sed
715 2513 922 2596 sive-tegitur
941 2503 1172 2606 ἓγερθήσσν·

151 2648 228 2712 ται,
250 2647 309 2692 seu
328 2619 614 2716 ἀναστήσονται,
637 2647 749 2692 seusus
773 2627 886 2691 eodem
906 2626 1001 2691 redit,
1024 2627 1059 2690 Si
1080 2646 1171 2711 prae·

150 2739 300 2807 wdeutio
317 2747 405 2807 recte
427 2741 582 2825 explicata
600 2746 691 2818 sunt,
708 2739 843 2804 nudum.
856 2738 1072 2833 dubiumest,
1092 2740 1172 2822 quin

152 2873 281 2919 cunnus
303 2830 365 2919 sibi
387 2854 538 2919 voluerit:
562 2856 663 2918 Simul
683 2860 771 2936 atque
793 2855 916 2917 odimus
937 2853 1028 2917 tubae
1048 2855 1172 2936 doceor

107 2989 109 2992 ’
151 2968 257 3034 andri
289 2969 448 3049 inceperit,
483 2969 596 3035 mortar
622 2967 846 3031 metabuntur
882 2969 1085 3050 corruptionis
1118 2987 1171 3033 ισ-

149 3087 264 3161 pertcs,
294 3087 323 3145 et
350 3102 406 3146 νισι
434 3082 627 3145 mutabimur.
653 3083 818 3145 Postrema
847 3087 956 3145 sutem
985 3078 1045 3152 καὶ
1073 3073 1173 3170 ἡμιῖς

151 3183 436 3285 ἆλλαγησόμιθα
470 3216 537 3259 non
569 3194 745 3278 generatim
781 3194 978 3278 significant,
1011 3201 1173 3261 ssctstores

152 3326 288 3373 cuursuu
304 3309 438 3374 cireues
448 3314 598 3377 aarum
615 3309 673 3386 iri,
691 3313 729 3371 ut
743 3307 900 3392 plerique,
925 3309 1022 3375 etiam
1040 3328 1170 3390 nouus,

154 3458 312 3483 ..s-mm...
384 3472 387 3477 -

181 3557 208 3620 ³)
224 3557 402 3621 Lenieogrsphi
425 3569 483 3606 cnm
511 3570 610 3607 onorio
636 3557 738 3620 sliisqne
764 3559 942 3622 Intemretibus
965 3560 1102 3611 Particulae
1124 3563 1170 3613 set

151 3635 202 3685 vim
222 3650 292 3699 suam
311 3636 427 3687 uiderunt
448 3651 477 3693 ea
497 3637 640 3699 explicanda
660 3637 783 3688 Aduerbio
805 3640 894 3693 Latino
915 3642 984 3690 tunc.
1001 3641 1089 3693 Aliena
1107 3656 1168 3704 qno·

150 3728 199 3776 que
216 3714 247 3764 de
265 3731 304 3774 ea,
319 3730 364 3778 pro
381 3729 449 3763 more
467 3729 523 3775 suo,
539 3720 691 3765 commentus
709 3721 746 3766 est
761 3732 852 3778 nuru,
867 3719 1170 3769 Hedrdiscb·Grierbisrdr

153 3795 318 3844 Grammatile.
345 3811 370 3856 p.
395 3796 453 3844 333.
477 3796 535 3844 coll.
560 3797 607 3845 109
631 3809 684 3857 sqq.
705 3797 737 3844 Et
758 3811 858 3856 vereor,
881 3805 910 3847 ut
932 3800 1115 3848 assentiendum
1138 3800 1170 3849 sit

153 3887 266 3925 wiuuuo
288 3889 314 3936 p.
339 3876 400 3934 512,
421 3875 470 3923 513
493 3875 615 3932 mouenti,
637 3889 690 3924 eum
711 3875 766 3936 plns
787 3878 864 3927 semel
883 3893 928 3940 pro
948 3871 993 3926 ὅτε
1012 3877 1168 3929 substitutam

37 4010 38 4015 ¹
150 3951 238 4000 videri.
262 3952 312 4001 Sed
337 3959 404 4002 recte
426 3952 470 4001 Vir
492 3954 584 4001 Doctus
609 3967 639 4001 ex
662 3952 729 4001 libris
755 3956 903 4004 Graecorum
926 3958 993 4005 locos
1017 3958 1118 4016 excitat,
1142 3959 1168 4007 in

151 4029 239 4093 quibus
256 4045 285 4080 ea
301 4031 386 4080 itidem
404 4031 435 4079 ad
453 4034 548 4092 tempus
564 4033 728 4097 definiendum
744 4033 854 4084 inservit.
875 4035 913 4084 Cf.
933 4050 1077 4087 usuruuo.
1096 4040 1166 4088 Tem.

151 4111 173 4159 1.
191 4125 216 4172 p.
236 4111 296 4170 130,
316 4112 375 4170 131,
395 4111 452 4159 151.
472 4111 593 4172 Imprimis
611 4112 734 4170 locorum,
752 4113 795 4160 ubi
811 4115 928 4175 temporis
946 4116 1039 4164 notatio
1056 4117 1165 4166 Particu-

150 4189 201 4237 lsm
221 4190 267 4236 καί
284 4189 421 4251 praecedit,
440 4191 575 4252 comparari
597 4195 722 4238 merentur
740 4193 852 4253 exempla
869 4207 883 4240 a
900 4208 1041 4253 nuuuuuo,
1063 4196 1166 4246 Concor·

150 4267 259 4321 &ntiae
276 4284 302 4330 p.
320 4269 382 4328 466,
397 4269 514 4327 collecta,
531 4268 619 4340 quibus
635 4269 739 4319 addatur
755 4271 767 4318 l
785 4272 841 4320 Cor.
857 4272 902 4324 lv:
919 4274 960 4324 19.
976 4275 1030 4323 Hoc
1044 4279 1127 4326 autem
1141 4276 1167 4324 in

151 4360 198 4396 usu
214 4347 414 4410 Breriloqnentia
430 4347 539 4398 cernitur
555 4347 708 4398 sermonibus
724 4349 846 4399 uariorum
860 4352 1006 4413 populorum
1020 4355 1166 4405 eommunis.
