2656 4890
378 308 382 331 ³
434 302 703 356 mrnrrurrsrro
725 308 819 354 vrso.
844 293 893 355 17.
1128 294 1167 358 77

150 480 338 548 Mentior
361 484 471 544 eutem
491 480 647 544 memorio
667 461 853 558 nrurrrus,
872 479 1008 544 oliorum
1026 482 1168 567 vestigiis

146 595 319 672 imittenn
334 593 547 660 subtilitatem
564 592 768 678 reprehendit
782 595 1014 678 Interpretum,
1030 595 1086 677 qni
1099 592 1168 659 Ad·

148 707 306 775 ieotivum
343 704 480 798 ματαία
502 728 536 771 ·u
572 707 727 791 superiori
760 699 846 798 κενὴ
879 708 1012 772 notione
1044 706 1170 773 differre

151 825 333 886 autumant.
356 820 422 885 Sed
443 828 516 898 our,
534 840 670 903 quaeso,
689 820 880 904 Apostolus,
899 821 927 884 si
945 826 1082 903 utroque
1098 822 1169 886 loeo

152 936 251 1020 plone
267 934 354 999 idem
375 933 490 998 dooere
511 933 655 1012 volebat,
678 953 765 997 nuno
785 933 868 998 illud
889 954 947 1018 pro
968 935 1030 998 hoo
1052 934 1169 998 substi-

152 1049 240 1113 tuit?
259 1047 439 1125 Orationis,
463 1047 598 1125 seilicet,
621 1046 793 1112 variandae
813 1068 922 1124 oense,
946 1069 988 1111 en
1010 1047 1171 1113 oblivione

153 1167 267 1246 eaptus
292 1159 455 1238 vocabuli,
481 1181 546 1243 quo
570 1182 615 1225 vs.
645 1163 688 1224 14
712 1182 790 1224 usus
818 1161 903 1225 eret?
930 1162 1014 1226 Quis
1039 1161 1171 1226 tamdem

154 1273 252 1360 paulo
288 1274 520 1356 intelligentior
557 1279 621 1351 est,
660 1273 715 1356 qui
752 1273 943 1338 alterutrum
979 1275 1171 1340 contendere

156 1387 261 1452 ausit?
285 1387 380 1451 Nihil
406 1385 495 1449 eliud
520 1387 620 1470 igitur
644 1406 809 1469 superesse
837 1387 976 1466 videtur,
1007 1411 1104 1472 quam
1133 1397 1171 1453 ut

156 1499 360 1565 ulterumeb
385 1500 488 1595 altero
516 1500 759 1583 distinguemus.
790 1500 888 1564 Quod
916 1501 1026 1580 hodie,
1058 1523 1170 1566 surcu-

156 1633 319 1692 rruoruu,
347 1633 542 1676 onnnnerom
568 1614 712 1697 aliosque
738 1616 856 1693 secuti,
878 1615 947 1679 fieri
969 1613 1083 1680 iubent
1104 1616 1170 1701 ple-

154 1727 248 1811 rique
273 1729 507 1811 interpretum,
529 1727 580 1791 uti
603 1731 814 1806 siioxmrrus,
838 1747 1018 1807 mmrunus,
1042 1748 1170 1792 monun-

154 1860 236 1919 -rus,
273 1859 422 1904 wrrrros
460 1843 497 1923 ¹).
535 1839 631 1904 Ultro
669 1840 799 1923 quidem
834 1841 968 1926 largior,
1004 1842 1172 1907 Adiectivo

156 1945 258 2034 κενός
281 1959 316 2018 et
339 1946 490 2044 μάταιος
512 1959 580 2016 tum
602 1953 711 2017 affinia
733 1974 818 2032 esse,
840 1960 879 2018 ut
899 1955 963 2033 illi,
986 1952 1104 2041 quippe
1124 1957 1171 2020 lu·
1199 1982 1203 1987 ⁴

157 2067 225 2132 tius
246 2068 391 2151 petenti,
413 2067 525 2132 eedem
546 2066 639 2130 notio
660 2067 810 2151 saepe-in
832 2067 923 2131 libris
944 2069 1101 2132 Veterum
1122 2076 1171 2134 ot-

156 2200 222 2265 qne
246 2180 323 2245 linio
344 2180 514 2244 tribuetur.
537 2179 694 2264 Exemplo
716 2201 785 2243 esse
805 2185 941 2263 possunt
962 2180 1116 2265 hooipso
1137 2183 1172 2246 in

156 2294 273 2378 eapite
297 2316 358 2358 vss.
386 2296 428 2356 10
448 2299 488 2358 et
513 2295 564 2357 58.
589 2293 654 2358 Sed
675 2292 752 2357 hino
774 2313 841 2357 non
863 2294 1023 2377 sequitur,
1044 2295 1080 2358 in
1101 2315 1172 2359 oru-

156 2407 263 2486 tione‚
288 2406 346 2472 ubi
371 2407 626 2472 alterum-elteri
650 2407 831 2472 subiectum
856 2414 918 2486 est,
941 2409 1028 2472 inter
1046 2413 1172 2473 utrum·

156 2540 222 2604 que
245 2520 334 2585 nihil
359 2521 522 2586 interesse.
553 2522 686 2586 limtru
713 2504 883 2585 ursimus
916 2523 1100 2606 provocavit
1132 2523 1174 2588 od

157 2634 223 2698 lod.
248 2632 327 2699 XX:
357 2636 413 2712 18,
438 2634 496 2699 ubi
521 2637 748 2720 Interpretem,
772 2636 836 2699 nisi
862 2635 1101 2701 distinctionem
1115 2637 1173 2701 ‘fe-

155 2746 268 2826 cisset,
302 2746 495 2832 scripturum
526 2749 731 2812 neminisse
765 2754 861 2833 puto:
894 2740 1174 2827 *Es'grxrvd‘xal

156 2851 296 2950 μοίταια
320 2858 492 2931 ἐκοπίασε.
520 2861 677 2926 Similiter
702 2861 783 2925 alius
808 2864 970 2947 Interpres
993 2862 1173 2927 distinetio-

156 2994 234 3039 nem
257 2974 370 3039 fecisse
396 2974 573 3039 censendus
600 2981 649 3039 est
674 2976 732 3038 Ies.
758 2974 851 3039 LIX:
878 2979 916 3053 4,
939 2975 996 3040 ubi
1021 2977 1172 3061 legimus:

155 3084 392 3159 Παωίθασιν
416 3084 473 3158 ἐπί
496 3085 661 3178 ματαίοις
685 3085 745 3158 καί
769 3089 916 3159 λαλοῦσι
938 3082 1035 3160 κενοί.
1057 3092 1174 3174 Itaque

156 3219 304 3279 reulus,
333 3207 373 3265 ut
401 3224 445 3267 vs.
474 3204 518 3265 14
541 3203 623 3285 qood
646 3203 747 3285 ίροαία
770 3223 882 3265 vonum
907 3207 963 3278 est,
990 3203 1036 3265 sio
1060 3224 1104 3266 vs.
1132 3205 1173 3267 17

155 3315 240 3398 quod
261 3316 376 3378 Ιιοαίαί
400 3335 513 3379 oenum
537 3322 581 3378 est
605 3314 656 3380 vel
681 3315 710 3378 ei
734 3316 816 3376 οαίίο
839 3315 926 3377 modo
942 3316 1083 3396 prodest,
1106 3337 1174 3382 me-

156 3428 336 3492 moravisse
356 3426 492 3492 videtur.
518 3427 572 3492 Ad
597 3429 681 3492 hane
706 3432 816 3491 eutem
841 3428 1007 3492 notionem
1025 3429 1175 3495 vocabuli

158 3538 517 3630 maiuprobendem
539 3564 581 3605 on
604 3541 731 3606 valeant
754 3543 769 3604 l
799 3542 868 3604 Cor.
895 3542 966 3605 HI:
990 3544 1035 3605 20
1057 3543 1176 3626 aliique

158 3644 291 3733 looi,s2·.a
322 3674 470 3718 ormruuo
503 3654 607 3733 allati,
640 3654 749 3719 minus
778 3654 859 3718 mihi
889 3661 1088 3740 compertum
1118 3664 1174 3721 est.

158 3768 294 3834 Maioris
312 3768 461 3853 ponderis
480 3767 616 3832 fortusse
634 3772 696 3846 est,
713 3769 800 3851 quod
814 3768 912 3834 hebet
926 3784 1113 3834 sornoonns
1129 3773 1173 3851 ηε

169 3892 217 3932 ³¹³2*
235 3900 251 3949 -3
306 3870 429 3974 *eope
450 3878 593 3974 ματαίῳ
616 3873 669 3971 μὴ
692 3878 913 3975 χαρίζεσθαι
932 3876 1028 3954 κενοί.

215 4018 229 4057 4,

170 4100 330 4112 *—

197 4256 220 4317 ι)
238 4258 423 4306 Trrrusssos
440 4258 527 4315 etiem,
546 4260 576 4308 de
594 4261 684 4320 synon.
704 4259 736 4307 N.
761 4261 786 4308 T.
807 4259 861 4309 Lib.
880 4259 899 4308 Ι.
918 4272 942 4320 p.
963 4258 1019 4308 173,

155 4400 159 4405 -
197 4359 333 4425 ilsslertr.
351 4374 389 4411 να
407 4361 465 4411 331.
