2656 4890
451 344 717 388 rrrearanrarro
744 346 832 390 vrrs.
857 330 907 391 35.
1126 334 1187 396 161

585 620 691 678 vers.
713 622 775 678 8⁶.

206 844 488 935 ''Disputationem,
505 870 569 934 qua
583 850 723 916 reditum
738 860 939 919 mortuorum
953 857 987 919 in
1004 857 1101 921 vitam
1115 878 1187 942 pro·

167 958 270 1039 taret,
287 980 416 1026 rennos
435 963 481 1028 sie
498 962 698 1042 instituerat,
714 973 752 1028 ut
770 964 930 1031 desineret
942 968 978 1030 in
992 966 1101 1047 rerba,
1117 972 1187 1053 qui-

165 1072 226 1139 b'us
250 1074 479 1140 Corinthiorum
499 1076 662 1154 nonnulli,
683 1076 893 1142 sectatoribus
913 1098 1050 1144 errarem
1070 1080 1187 1148 adscri-

165 1186 227 1273 pti,
250 1195 284 1253 et
307 1186 391 1253 hane
412 1195 522 1254 tamen
545 1188 724 1254 doctrinam
746 1199 900 1275 negantes
922 1192 973 1257 vel
994 1194 1030 1258 in
1053 1192 1187 1261 dubium

164 1288 327 1378 vocantes,
345 1301 469 1386 pudore
487 1300 696 1367 afficerentur.
716 1302 815 1367 Nunc
832 1304 1072 1372 contradicendi
1091 1328 1185 1392 argu-

163 1418 310 1480 mentum
331 1414 396 1478 illis
419 1415 543 1480 auferre
565 1415 673 1480 volens
696 1415 743 1493 id,
764 1416 851 1500 quod
872 1418 1070 1484 cavillatores
1088 1421 1185 1504 vulgo

164 1526 380 1612 opponebant,
396 1527 442 1592 sic
461 1529 638 1613 occupavit:
650 1519 741 1600 Ἀλλ’
759 1529 832 1621 ἐρεῖ
846 1545 907 1611 τις·
922 1532 1008 1612 Πῶς
1021 1530 1185 1625 ἐγείρον-

162 1662 222 1712 ται
237 1639 273 1712 ol
289 1639 428 1734 νεκροί;
448 1644 554 1732 Ποιῷ
572 1636 615 1712 <ld
632 1636 776 1733 σώματι
794 1642 980 1738 &oxomam
1000 1644 1094 1711 Quae
1112 1648 1183 1730 qui·

161 1753 250 1832 dim,
265 1759 390 1839 praeter
407 1754 539 1820 verbum
558 1753 745 1847 ἔρχονται,
760 1752 844 1820 nibil
863 1756 929 1822 iere
947 1757 1081 1838 habent,
1096 1760 1183 1843 quod

160 1866 425 1953 interpretatione
448 1867 601 1953 indigeat.
625 1869 699 1934 Hoc
724 1875 834 1934 autem
856 1869 1001 1935 Verbum
1023 1872 1180 1957 plerique,

160 1978 260 2046 etiam
289 1998 603 2060 nsrnrrramcmns,
635 1984 845 2060 niicxsnrus,
872 2000 1055 2063 curaremur,
1082 1985 1181 2070 expli·

158 2099 276 2158 cantes¹
299 2094 496 2177 operiantur
510 2098 539 2158 'e
563 2094 723 2178 septemb,
750 2092 896 2178 opinioni
921 2112 999 2160 suae
1024 2097 1181 2177 serviunt,

158 2204 341 2290 refragante
369 2204 521 2290 loquendi
550 2227 620 2271 usu.
649 2207 685 2271 Si
715 2204 802 2271 enim
833 2194 976 2292 Simplex
1006 2204 1182 2302 ἔρχεσθαι

158 2338 331 2402 nusquam,
347 2326 541 2404 potestatem
565 2317 666 2385 habet
690 2316 872 2404 Conpositi·
895 2316 1110 2415 ΐξὲρχεσθαι
1136 2326 1180 2406 ¹),

158 2430 267 2496 multo
288 2432 397 2496 minus
422 2432 634 2498 substitutum
658 2440 707 2498 est
728 2429 1024 2539 pro'lge'qxeodat
1045 2434 1084 2506 dx
1104 2438 1181 2507 τῶν

157 2541 366 2638 mpsim,
389 2545 476 2629 quod
502 2540 615 2610 Marta.
640 2538 914 2612 xxv112'53et
935 2544 1012 2612 aubi
1034 2542 1180 2633 legimns.

157 2658 278 2742 Neque
308 2656 392 2724 hene
424 2658 722 2744 interpretationem
754 2658 959 2724 commendat
975 2656 1180 2744 'praecedens

156 2767 367 2866 ἐγείρονται.
380 2773 429 2861 ,In
450 2771 529 2836 locis
551 2770 653 2849 enim,
672 2770 738 2836 ubi¹
751 2766 1121 2867 Verbum'tbet'dsodat
1139 2773 1179 2838 de

155 2883 366 2949 revocatione
377 2888 578 2948 mortuorum
595 2885 631 2947 in
645 2885 745 2948 vitam
759 2891 944 2968 usurpetur,
959 2884 1097 2970 intelligi
1112 2902 1179 2950 non

156 3004 252 3081 posse
264 2994 436 3061 formulam
450 2988 491 3068 in
503 2999 579 3069 τῶν
589 2994 797 3088 μνημείων,
808 2997 990 3062 luculenter
999 3006 1132 3083 apparet
1141 3018 1179 3065 ex

157 3110 272 3173 Molli.
290 3110 357 3174 IXr'
371 3113 423 3174 25.
440 3110 543 3175 Maro.
562 3112 606 3174 V:
623 3113 676 3173 41.
691 3109 775 3173 XII:
792 3112 844 3173 26.
860 3110 936 3175 Luc.
952 3112 1037 3176 VII:¹
1055 3114 1109 3188 14,
1125 3110 1176 3175 22.

155 3222 262 3287 Vl'sst
278 3226 330 3287 54.
345 3222 423 3287 XX}
439 3226 491 3287 37.
508 3223 629 3301 Immo,
644 3221 701 3287 ubi
716 3222 854 3286 formula
869 3216 1026 3305 quaedam
1039 3222 1178 3307 intelligi

154 3334 267 3414 debet,
284 3335 378 3400 nulla
399 3336 462 3400 alia
482 3336 680 3413 admittitur,
699 3350 795 3419 quam
818 3332 956 3418 quaein
977 3332 1067 3399 libris
1090 3336 1177 3402 Nori

153 3442 356 3514 Testamenti
386 3446 464 3515 trita
494 3456 527 3515 ct
557 3470 652 3533 supra
678 3438 777 3513 etiam
802 3468 845 3511 vs.
874 3444 915 3511 12
941 3449 1177 3514 erroreum

153 3558 360 3655 ἢείρεσθαι
379 3561 505 3627 adiecta
523 3569 585 3641 est,
601 3562 641 3633 ἐκ
657 3564 814 3653 νεκρῶν,
830 3580 888 3645 pro
907 3580 972 3643 que
989 3560 1075 3646 apud
1090 3580 1176 3625 unr-

153 3676 303 3738 runsou'
325 3675 424 3739 semel
449 3675 630 3758 iterumque
656 3681 761 3739 exstat
784 3665 854 3745 ἀπὸ
876 3676 953 3745 τῶν
974 3677 1115 3768 νεκρῶν
1136 3679 1175 3758 ²).

153 3788 244 3871 Ergo
265 3808 341 3851 cum
363 3798 508 3851 menneo
532 3794 566 3852 et
588 3806 717 3850 wemno
738 3806 933 3865 srunneuu,
952 3788 1008 3870 qui
1027 3788 1174 3872 frequen-

192 4052 214 4115 1)
232 4051 305 4110 Quod
325 4064 375 4099 non
395 4051 510 4112 impedit,
529 4050 659 4112 quominus
681 4050 830 4109 concedam,
849 4048 958 4111 Simplex
978 4047 1099 4116 ἔρχεσθαι
1119 4048 1176 4098 satis

151 4128 244 4181 crebro
262 4129 298 4178 ita
314 4130 435 4191 atpteari
452 4142 538 4190 pesse,
555 4132 583 4178 ut
599 4127 891 4190 conveniat-Composito
909 4125 1072 4194 tituendae·
1084 4128 1174 4177 Erem-

150 4209 199 4273 plo
216 4208 250 4257 tit
268 4222 406 4257 nsaonor.
424 4208 479 4257 Lib.
500 4209 521 4257 1.
539 4207 606 4269 cap.
620 4208 679 4257 leo:
695 4207 749 4257 Καὶ
763 4201 795 4257 τά
809 4224 837 4274 ys
851 4204 902 4259 τῶν
915 4199 1049 4274 ὀνειράτων
1062 4202 1175 4272 ἐχόμενα

150 4288 244 4342 τελέως
262 4284 287 4342 ἐς
304 4281 409 4341 dederis
427 4285 541 4353 ἔρχεται,
556 4285 597 4334 ubi
615 4288 710 4349 legatur
728 4299 833 4334 sanan.

192 4392 214 4454 ²)
234 4392 288 4439 Hoc
308 4394 423 4451 tanquam
446 4389 520 4453 digito
539 4394 657 4439 monstrat
676 4404 733 4437 nuc.
753 4390 809 4436 Act.
830 4389 904 4437 Xlll:
924 4390 969 4443 29,
988 4354 1034 4444 tl),
1054 4386 1093 4437 ubi
1113 4391 1171 4453 legi·

1021 4488 1044 4524 ιι
