2656 4890
159 313 202 373 50
446 330 715 377 rsrnrraemrro
740 326 838 375 verr(
857 314 888 375 8.

158 500 192 582 (l.
213 490 538 592 'dafilwr‘lpldcom
572 493 690 593 ἤγουν
720 491 761 569 τὰ
787 490 909 579 ἀτελὲς
925 497 1110 592 ἔμβρυον,
1136 485 1179 570 ad

155 605 339 706 ἄμορφον.
371 615 444 677 Ηου
473 614 522 676 illi
547 613 699 698 praetulit
726 630 1011 676 uueornruscuus
1037 613 1180 678 scriben-

156 725 211 789 do:
242 717 437 819 ’Ἐκτρωμα
478 721 520 796 dd·
560 725 697 818 λέγεται
736 722 867 818 κυρίως
900 715 944 796 τὸ
980 715 1180 821 ἆυελεσφόὲ

155 846 270 933 ρητου
302 837 486 934 dedeceat,
516 831 539 907 ὃ
567 829 808 929 ἀποβάλλεται
837 830 862 927 ἡ
889 830 996 930 γυνή.
1027 834 1180 904 Altennn

155 952 277 1036 placuit
306 971 542 1030 rnuonoauro,
572 957 611 1015 υτ
640 972 680 1016 ex
705 951 766 1016 hac
792 951 861 1015 eius
887 951 1098 1034 intelligimus
1122 953 1177 1016 iu*

154 1066 396 1149 terpretatione:
419 1057 709 1156 Ἀμβλωθριδίῳ
736 1055 869 1135 ἑαυτὸν
895 1054 1075 1151 ἀπεικάζει
1104 1065 1178 1156 ἒμ-

154 1170 275 1271 βρὶῳ,’
304 1169 328 1247 ὃ
362 1179 415 1269 τῷ
451 1179 528 1250 τῶν
565 1169 785 1269 ἀνθρώπων
818 1169 887 1248 οὐκ
919 1175 1178 1269 &accettemo

155 1283 355 1384 καταλόγῳ.
390 1294 491 1356 Recte
523 1311 598 1356 vero
633 1309 917 1354 unnornrmcuus
955 1293 1035 1376 (non
1071 1308 1177 1355 uncus

156 1424 298 1483 maurus,
324 1411 364 1470 ut
388 1405 562 1470 memoriae
587 1404 679 1488 lapsu
703 1404 829 1469 notavit
858 1407 1035 1488 ammaus)
1066 1422 1176 1490 repre·-

153 1517 267 1582 hendit
290 1519 460 1602 quosdam,
484 1518 539 1601 qui
561 1517 753 1583 vocabulum
779 1515 946 1610 {tetpwpea
971 1518 1177 1603 interpretati

153 1631 220 1695 iam
246 1637 338 1696 erant
362 1623 404 1702 τὸ
432 1623 587 1723 ὕστερον
612 1630 788 1723 γευνημα.
816 1632 910 1696 Quae
935 1636 1045 1695 tamen
1066 1650 1177 1716 repre-

152 1745 267 1810 hensio
296 1766 397 1828 quum
427 1764 466 1810 cx
496 1745 641 1810 oratione
669 1749 835 1823 contexta,
865 1765 933 1808 non
958 1765 997 1808 ex
1019 1744 1177 1828 loquendi

153 1879 216 1922 usu
248 1859 350 1942 petita
382 1859 442 1938 sit,
475 1859 583 1922 minus
613 1858 796 1923 mirandum
825 1863 889 1936 est,
919 1863 1044 1942 postea3
1074 1857 1177 1923 etiam

152 1971 323 2036 recentiori
362 1977 469 2036 aetate
507 1972 624 2051 fuisse,
665 1972 722 2056 qui
758 1970 842 2035 hanc
873 1971 1178 2057 interpretationem

152 2084 422 2150 commendarent.
452 2087 506 2150 Ita
541 2102 861 2163 nnrrnuunarcnros,
892 2106 927 2150 se
955 2104 1022 2149 non
1050 2084 1177 2149 intelli-

153 2216 226 2282 gere
247 2218 401 2278 monens,
427 2199 588 2283 quomodo
610 2198 750 2283 vulgaris
773 2199 935 2262 sententia
956 2199 1045 2262 hunc
1064 2198 1100 2262 in
1121 2197 1176 2262 lo·

152 2331 227 2375 cum
263 2312 413 2395 quadret,
450 2332 592 2376 rinnon
630 2333 665 2377 se
700 2316 939 2396 comparantem
979 2312 1058 2376 fecit
1094 2328 1177 2376 cum

150 2426 236 2506 prole
259 2432 403 2507 postumo
433 2447 491 2491 seu
520 2427 641 2509 tasaatc
663 2432 817 2508 postremo
843 2428 907 2489 loco
931 2432 1012 2489 amo.
1040 2427 1176 2490 Senot·

151 2556 309 2602 rrmssms
337 2539 412 2603 data
438 2559 534 2624 opera
558 2539 594 2603 id
617 2538 700 2622 egit,
728 2543 766 2601 ut
788 2537 951 2623 probaret,
973 2538 1058 2601 hanc
1079 2553 1176 2602 mon-

150 2656 218 2715 tem
242 2651 271 2716 ei
293 2651 498 2717 tribuendam
521 2671 589 2716 esse
612 2654 648 2735 1).
672 2652 738 2716 Sed
758 2650 1174 2736 interpretationem2'illam

150 2769 276 2849 practer
297 2765 376 2829 alios
400 2784 616 2829 surrzscmus
639 2765 726 2848 gravi
748 2764 1026 2848 argumentatione
1046 2763 1174 2828 refuta·-

107 2933 109 2939 .
150 2877 198 2940 vit
232 2878 270 2960 2).
304 2878 372 2943 Qui
405 2883 607 2942 constantem
641 2879 726 2963 apud
756 2885 877 2943 veteres
906 2877 1093 2943 meminerit
1122 2877 1174 2942 101

151 2989 271 3073 quendi
300 3011 411 3069 usum,
441 2992 525 3056 nihil
555 2991 643 3055 aliud
669 2991 787 3056 scribet
812 3010 909 3074 quarn
936 2990 1119 3055 abortiuum·
1134 2993 1174 3074 *τι

151 3104 224 3168 Hoc
246 3124 320 3168 vero
344 3126 445 3187 quum
464 3124 647 3186 onanusrus
666 3111 700 3170 et
719 3119 890 3168 mutunus
910 3103 1059 3188 explicari
1077 3100 1173 3168 iube-

149 3216 228 3281 bant
249 3237 288 3282 ex
312 3238 469 3282 suuroun
492 3220 694 3296 narratione,
717 3218 832 3302 vulgus
857 3236 1001 3280 aoousm
1025 3221 1173 3300 tempore

150 3336 312 3396 senatores
340 3332 581 3417 indignissimos
613 3339 646 3397 et
679 3337 752 3416 post
784 3350 897 3395 necem
930 3328 1077 3394 Caesada
1113 3348 1173 3414 per

149 3444 285 3525 gratiam
307 3452 340 3509 et
361 3446 539 3529 praemium
561 3445 691 3509 allectos
715 3445 878 3508 Adoctioos
899 3462 1045 3520 vocasse,
1070 3442 1173 3506 latuit

150 3575 204 3619 eos
231 3558 397 3622 annotatio
424 3577 577 3635 cnutum,
603 3547 749 3620 librerios
773 3576 967 3620 suurouruu
990 3555 1172 3639 corrupisse

156 3786 312 3802 nau—qn·—

184 3942 206 4003 ¹)
231 3941 390 4005 Eceqclteclse
411 3941 537 3989 Miaccum
561 3941 587 3988 in
610 3940 688 4000 libro,
714 3941 753 3989 cui
778 3940 865 3990 titulus
890 3940 1028 3989 Analelctea
1045 3938 1099 4000 fite·
1124 3936 1174 3990 'clos

150 4021 264 4069 Stadium
284 4021 329 4068 der
345 4019 423 4083 aeq.
441 4020 494 4067 und
508 4019 612 4081 Systm.
633 4021 768 4084 lbeolopr'e,
786 4021 954 4083 teramqepeb.
972 4034 1017 4069 con
1033 4033 1101 4067 rura
1118 4020 1176 4068 aad

153 4113 336 4149 rascmasun.
354 4099 425 4147 Tom.
445 4098 477 4146 ll.
495 4103 559 4160 part.
579 4099 601 4146 1.
620 4113 644 4161 p.
662 4100 712 4148 212
729 4112 781 4160 sqq.

182 4201 205 4266 ¹)
229 4203 267 4250 De
290 4203 400 4250 manau.
418 4201 515 4263 pata.
538 4202 612 4250 Paula·
633 4203 667 4250 ad
691 4201 803 4250 Cariath.
826 4201 908 4262 Epist.
930 4201 997 4251 locis.
1016 4198 1080 4251 Dias.
1101 4201 1124 4252 l.
1143 4217 1171 4265 p.

149 4281 181 4328 60
199 4293 249 4342 sqq.
1021 4298 1027 4312 ’

181 4382 204 4447 ³)
224 4383 270 4434 cr.
290 4397 430 4433 sauream
453 4385 522 4433 Thes.
541 4397 566 4432 v.
585 4381 703 4449 ἔκτρωμα
720 4387 746 4432 et
763 4396 904 4433 wursrus.
921 4384 953 4432 ad
970 4383 997 4432 h.
1016 4384 1034 4432 l.
1057 4394 1059 4399 ·
