2656 4890
208 279 272 339 202
447 297 716 343 massmannum
740 283 913 357 vanati,
929 283 987 345 48.

207 472 245 529 ut
273 463 487 547 praecederet,
509 465 565 548 qui
587 473 674 531 esset
694 465 740 545 εἰς
760 460 892 563 ψυχὴν
912 463 1228 563 {chamaam-

206 585 269 654 tur,
299 580 356 660 qui
379 584 463 643 esset
483 576 528 658 εἰς
548 581 695 670 πνεῦμα
718 576 938 668 ζωοποιοῦν,
958 603 1052 664 quas,
1068 579 1229 661 tonnulae

207 689 260 757 hic
276 692 412 775 spectari
430 710 579 755 marmus
592 693 712 777 aliique
731 693 812 758 bene
831 694 988 759 viderunt
1000 695 1114 773 Oratio
1124 694 1230 779 igitur

206 802 372 883 accrescit,
405 805 560 870 decrescit
591 827 679 885 vero,
713 807 741 870 si
763 827 902 871 annuus
924 813 1055 872 tantum
1073 828 1115 873 ea
1136 815 1229 873 terra

205 925 296 984 aaa
319 925 352 984 et
373 939 411 985 cu
426 921 550 1001 modom
561 920 732 1003 fumatica,
753 941 917 985 camenus
941 928 1069 987 tantum
1085 942 1126 986 ec
1145 925 1229 988 corb

208 1039 293 1097 ortus
314 1052 385 1098 esse
408 1032 532 1098 dicitur.

674 1277 752 1287 ——0—

616 1528 724 1585 Vers-
744 1529 810 1585 48.

251 1739 398 1820 Utroque
431 1736 561 1800 homine
578 1741 670 1805 ,ante
697 1736 808 1801 oculos
831 1733 1003 1812 collocato,
1032 1756 1123 1800 nunc
1155 1743 1231 1802 tan-

207 1871 304 1933 quam
326 1850 437 1914 eadem
458 1848 494 1912 in
516 1849 634 1914 tabella
655 1854 879 1934 proponuntur
895 1851 1038 1934 agmina,
1069 1870 1156 1933 qnae
1176 1849 1230 1915 illi

205 1963 341 2027 ducunt:
370 1955 454 2043 Οἷος
480 1955 501 2032 ὅ
523 1955 659 2054 χοϊκός,
681 1964 838 2034 τοιοῦτον
867 1960 928 2034 καὶ
948 1961 985 2034 ol
1006 1959 1145 2054 pateat,
1167 1960 1233 2035 nat

202 2069 278 2157 οἷος
308 2069 329 2148 ὅ
352 2069 578 2170 ἐπουράνιος,
600 2079 759 2148 τονοάτοι
779 2073 840 2147 καὶ
857 2075 893 2147 οἱ
911 2068 1138 2170 ἐπουράνιον
1155 2078 1233 2143 Ηοο

205 2192 305 2268 enim,
335 2191 481 2274 quamvis
498 2190 635 2254 formam
651 2189 761 2275 prodit
778 2190 983 2268 sentcntiae,
996 2211 1035 2254 ex
1053 2189 1121 2254 vita
1140 2210 1232 2255 com-

204 2305 296 2367 muni
310 2305 448 2390 petitae,
471 2324 545 2367 cum
563 2302 827 2388 praecedentibus
846 2304 1024 2369 arctissime
1042 2303 1231 2383 cohaerere,

204 2419 324 2482 docent
333 2414 430 2481 verba
446 2408 467 2484 ὁ
486 2409 608 2506 χοϊκός
622 2409 685 2485 ett‘)
698 2409 926 2512 ἐπουράνιος,
945 2416 1110 2481 neminem
1124 2415 1234 2483 elium

69 2515 71 2520 ⁵
203 2548 301 2614 quam
331 2542 495 2592 ausuum
512 2535 549 2594 et
581 2548 755 2592 cuarsruu
782 2531 969 2614 spectantia
1006 2529 1233 2614 Appellationi

204 2644 272 2714 τοῦ
292 2645 439 2734 χοϊκοῦ,
471 2649 587 2728 utpote
608 2644 757 2727 graviori,
782 2644 1006 2728 praecedentia
1027 2643 1067 2714 ἐκ
1086 2645 1157 2736 γῆς
1177 2644 1232 2710 in-

203 2758 292 2822 clusa
314 2762 399 2821 sunt.
421 2756 512 2822 uuio
530 2772 604 2821 vero
623 2755 685 2820 sibi
706 2757 808 2822 velint
830 2748 1039 2841 sequentiao‘
1063 2750 1233 2849 ἐπουρά-

203 2894 295 2958 νιος,
317 2871 463 2954 quaestio
484 2888 571 2934 nuuc
596 2870 711 2954 agitur.
729 2871 917 2954 Composito
934 2862 1147 2962 ἔνωυράνιος
1165 2869 1233 2937 ὼ

203 2985 294 3050 notio
327 2982 498 3049 tribuenda
529 3004 596 3047 uon
637 2989 700 3061 est,
735 2973 833 3067 quam
866 2984 1003 3068 simplici
1031 2976 1232 3076 οὐράνιος,

204 3098 323 3184 quippe
344 3118 409 3181 quo
438 3095 507 3161 solo
530 3113 661 3162 raucus
681 3119 760 3161 usus
783 3104 846 3175 est,
877 3096 1063 3181 etquidem
1095 3101 1169 3162 tam
1188 3098 1234 3164 de

204 3212 304 3276 a'e‘reis
324 3217 357 3276 et
376 3211 540 3288 aetheriis,
560 3233 657 3294 quam
679 3210 720 3275 de
736 3211 791 3289 iis,
816 3231 898 3297 quae
920 3210 1034 3275 altiora
1051 3209 1232 3275 censeban-

203 3332 265 3389 tur.
297 3325 451 3389 Similiter
480 3323 557 3387 alibi
586 3325 622 3388 in
651 3325 738 3389 Novi
767 3324 966 3389 Testamenti
994 3323 1100 3401 libris,
1128 3324 1231 3388 etiam

205 3438 291 3524 apud
313 3444 450 3516 exteros,
473 3444 511 3501 ut
535 3458 701 3501 scurnum
729 3439 901 3502 llaerocrar
923 3438 1031 3516 docet,
1061 3457 1102 3501 ec
1125 3436 1231 3502 deno-

191 3560 294 3618 ·tatur
311 3552 462 3636 quidquid
482 3554 602 3616 coeleste
627 3559 678 3618 ert.
714 3553 826 3618 Quum
853 3557 962 3616 autem
988 3569 1156 3615 cnarsuus
1190 3550 1232 3616 ab

204 3667 360 3752 Apostolo
382 3668 513 3730 coelectis
534 3665 721 3750 appelletur,
743 3665 831 3731 haud
849 3685 940 3730 secus
955 3664 1140 3729 Antithesis
1160 3667 1232 3736 τοῦ

202 3781 332 3879 χοϊκοῦ
364 3785 398 3844 et
429 3781 497 3850 τοῦ
526 3775 765 3873 ἐπουρανίου,
795 3799 893 3862 quam
924 3777 1064 3842 formula
1097 3797 1232 3862 praece-

203 3895 282 3962 dens
309 3896 349 3975 ἐξ
369 3884 548 3985 οὐρανοῦ,
573 3892 654 3957 illud
684 3914 758 3957 cum
784 3909 930 3955 nanuum
953 3891 1110 3976 explicare
1140 3897 1234 3957 vetat

199 4011 268 4088 idle,
303 4012 356 4094 qui
388 4011 421 4072 in
455 4009 534 4072 coelo
561 4014 613 4071 est.
642 4009 760 4090 Neque
787 4026 863 4070 cum
897 4004 1056 4090 plerisque
1086 4003 1232 4072 vccabu-

201 4126 270 4188 lum
311 4120 538 4207 explicabimus
571 4140 696 4202 corpore
729 4120 875 4196 coelestis,
909 4139 967 4182 eeu
1004 4119 1126 4184 cocleati
1153 4136 1232 4185 cer·

199 4257 274 4320 pore
291 4240 470 4311 eutrociae,
496 4234 524 4298 si
552 4233 705 4317 loquendi
738 4254 834 4297 usum
863 4231 1030 4297 observare
1060 4237 1102 4298 et
1123 4231 1234 4299 simul

201 4351 369 4434 scopulum
392 4350 512 4413 evitare
531 4348 691 4431 cupimus,
711 4348 746 4410 in
767 4367 866 4428 quem
886 4350 1008 4411 veteres
1026 4344 1234 4425 merome,
