2656 4890
568 178 572 211 l

435 300 706 345 narrarasrsrro
730 300 822 345 vans.
850 287 900 345 50.
1110 284 1176 345 2⁰7

152 461 381 563 metueres
401 461 622 564 ἀφθαρσίαν
636 471 863 561 κληρονομεῖ.
881 468 1012 534 Rectius
1027 468 1178 534 Editores

153 582 371 667 anuqifiores·
387 584 566 649 orationem
592 583 808 648 distinxerunt
830 602 927 665 quam
949 599 1176 647 arscensem·

155 700 252 773 rsus,
278 697 433 780 qui'eam
457 697 586 782 longius
612 719 632 761 a
657 696 813 781 superiori
838 695 995 772 seiunxit,
1019 696 1086 758 rim
1112 695 1178 759 for·

154 808 268 875 mulae
300 811 416 882 τοῦτο
458 805 503 880 δέ
539 832 636 904 φημι
669 815 704 874 et
743 808 1030 893 argumentationis
1063 808 1177 873 seriem

154 922 267 987 minus
295 924 488 1008 intelligens.
518 925 590 988 Nec
612 940 776 987 marianus
799 942 920 987 nexum
944 922 1041 985 huius
1068 941 1175 986 versus

156 1041 200 1101 et·
218 1036 477 1120 praecedentium
502 1043 668 1101 assecutus
692 1042 756 1114 est,
783 1035 976 1120 Apostolum
1001 1036 1103 1114 aiens,
1125 1055 1175 1100 ra-

155 1148 406 1214 tiochiationem
438 1149 479 1213 de
496 1149 651 1233 corporis
684 1148 786 1212 fotini
818 1148 1067 1233 proprietatibus
1101 1168 1177 1214 eon-

154 1260 289 1327 clurlme
332 1261 562 1327 confirmandis
602 1261 816 1346 superioribus
861 1261 1068 1354 φορέσομεν
1108 1255 1178 1353 τὴν

156 1367 281 1446 εἰκόνα
292 1377 362 1447 νοῦ
376 1371 607 1468 lampetium
618 1376 790 1439 Wrrrrurs
801 1381 910 1440 sutem
921 1395 1041 1441 errasse
1051 1395 1179 1460 quoqne

154 1487 397 1567 contendendo,
427 1509 530 1554 novae
560 1488 788 1572 disputationis
816 1489 948 1553 initium
975 1510 1019 1553 vs.
1051 1491 1088 1554 51
1123 1510 1177 1554 ex-

155 1605 258 1679 mare,
274 1599 376 1679 mira,
394 1599 459 1666 nisi
477 1602 582 1679 fallor,
600 1601 731 1686 patebit
752 1601 817 1667 Sed
834 1601 948 1669 itidem
967 1603 1176 1687 Interpretes,

156 1718 321 1797 quotquot
355 1732 431 1779 cum
467 1734 638 1779 omaunao
673 1715 838 1800 superiora
872 1737 918 1779 vs.
953 1718 1087 1780 46-49
1134 1717 1176 1780 ad

157 1826 376 1893 emmenum
394 1846 555 1911 corporum
565 1835 715 1893 neumam
724 1829 897 1907 referrent,
920 1830 1096 1914 perspicere
1109 1850 1177 1894 non

158 1940 304 2024 potuisse
327 1947 422 2025 puto,
448 1940 610 2024 quomodo
636 1943 739 2004 oratio
764 1943 940 2007 cohaereat.
968 1945 1090 2027 Utique
1114 1943 1178 2008 alia

157 2052 240 2117 milri
272 2053 316 2118 asi
344 2074 465 2118 nexum
493 2055 648 2118 orationis
676 2055 938 2120 constituendum
965 2057 1177 2140 ingrediunda

157 2165 288 2232 videtur
306 2166 367 2232 via
398 2169 594 2250 Postquam,
621 2187 752 2251 nempe,
782 2184 912 2231 caunos
940 2169 1080 2253 eorporis
1105 2170 1176 2234 ani-

157 2279 253 2345 m'alis
283 2284 316 2343 et
345 2280 518 2364 spiritualis
543 2280 784 2345 distinctionem
812 2282 1052 2366 comparatione
1079 2282 1175 2366 primi

158 2399 193 2458 et
209 2393 365 2477 pomum
386 2412 499 2458 Anam
517 2394 743 2459 commendare
762 2395 939 2480 inceperet,
962 2396 1066 2460 oratio
1086 2395 1176 2460 dein-

158 2525 233 2590 ceps
263 2526 302 2570 eo
332 2506 603 2592 progrediebatur,
632 2513 671 2573 ut
698 2508 833 2573 lectores
855 2508 898 2573 ed
922 2528 1013 2594 spem
1043 2509 1178 2593 erigeret

158 2617 259 2696 vitae,
277 2639 344 2683 non
363 2621 501 2705 emplius
524 2621 685 2686 terrestria
703 2643 777 2686 cum
796 2642 932 2700 anano,
951 2623 1009 2688 sed
1026 2623 1176 2687 coelestia

155 2752 231 2797 cum
253 2751 398 2796 cnarsro
420 2734 598 2817 expetentis
621 2754 692 2812 sen,
722 2742 761 2799 ut
790 2758 833 2799 vs.
854 2709 904 2799 '49
934 2736 1088 2819 scriptum
1111 2743 1173 2813 est,

156 2845 332 2929 imaginem
354 2866 490 2910 cearsrr
513 2847 688 2912 referentis.
710 2849 809 2912 Nunc
831 2869 906 2913 vero
925 2848 1118 2933 Apostolus,
1147 2850 1174 2912 si

157 2958 227 3023 eius
249 2959 286 3023 in
307 2965 449 3031 mentem
467 2965 633 3044 penetrare
649 2960 731 3025 mihi
747 2961 899 3045 contigit,
921 2983 1032 3027 cavere
1048 2962 1173 3038 volens,

155 3072 293 3154 nequis
316 3052 561 3138 similitudinem
582 3073 671 3136 illam
693 3073 789 3137 etiam
809 3074 844 3137 in
860 3076 1086 3139 communione
1105 3093 1174 3138 cor-

155 3184 208 3248 ais
227 3185 399 3250 collocaret
416 3193 445 3251 ei
469 3189 640 3270 mnyuiau,
663 3185 779 3269 quibus
806 3185 1076 3263 carismatum
1101 3195 1175 3270 post

156 3317 254 3380 quam
276 3304 353 3363 ante
370 3320 466 3364 suum
487 3301 523 3364 in
540 3301 641 3364 vitam
658 3298 812 3376 reditum,
835 3299 971 3364 indutus
987 3300 1109 3378 fuerat,
1132 3301 1174 3364 ad

156 3410 411 3495 disputationem
443 3413 484 3478 de
516 3434 646 3497 corpore
677 3413 888 3478 sectatoribus
921 3415 990 3478 eins
1013 3414 1174 3479 destinato

156 3523 254 3589 rediit
264 3525 427 3608 negando,
446 3526 527 3590 illud
541 3548 668 3592 earnem
684 3536 717 3591 et
732 3526 923 3611 sanguinem
937 3526 1055 3592 habere
1072 3549 1172 3611 posse.

153 3717 238 3762 autem
261 3727 417 3762 caueamus
441 3713 538 3763 lloristo
560 3714 716 3780 φορέσωμεν,
739 3715 805 3778 quod
822 3716 914 3765 Futuro
931 3714 1050 3779 praefert,
1064 3719 1171 3778 prontis-

153 3792 246 3840 rioms
264 3790 374 3841 exortem
391 3791 524 3841 contendit.
544 3791 657 3841 Acrisius
675 3797 743 3842 certe
758 3793 913 3843 Coniunctivi
930 3794 1010 3844 vicem
1027 3795 1112 3844 Futuri
1129 3796 1171 3845 Iu·

152 3870 255 3921 maevi
275 3885 328 3921 noa
350 3870 455 3921 sustinet
476 3871 529 3920 Iac.
554 3871 597 3921 ivs
622 3872 666 3930 13,
685 3872 731 3930 15,
748 3871 791 3921 nbi
809 3874 996 3923 adhortationes
1012 3874 1173 3924 circumactis

153 3948 253 4013 egregie
271 3949 432 3998 conveniunt.
448 3951 480 3998 Et
497 3949 610 4011 exempla
627 3949 699 3999 huius
716 3952 865 4013 Temporsm
883 3958 909 4002 et
925 3953 1055 4003 Modorum
1072 3968 1171 4016 permu-

152 4025 253 4076 tationis
273 4027 340 4090 apud
360 4028 449 4076 Poetis
468 4033 579 4085 veteres,
605 4042 668 4089 quae
688 4030 811 4093 congessit
837 4033 987 4080 riennes
1004 4033 1075 4081 'lom
1093 4032 1128 4081 ll.
1147 4047 1171 4094 p.

156 4106 220 4164 10⁰,
240 4106 304 4164 1⁰1,
321 4105 418 4168 siquid
435 4108 534 4163 valent,
552 4106 614 4154 nihil
632 4107 699 4155 aliud
716 4107 823 4170 probant
838 4125 912 4172 quam
929 4110 1010 4159 Verba
1024 4112 1172 4177 φορέσωμεν

152 4185 198 4233 καὶ
206 4175 253 4249 τὴν
262 4178 350 4234 εἰκόνα
359 4184 475 4247 explicari
484 4199 567 4247 posse:
578 4187 732 4249 copitaadam
741 4190 779 4235 ert
787 4224 794 4246 ,
803 4204 847 4236 uos
858 4191 932 4237 etiam
940 4190 1069 4253 inopiam
1078 4191 1174 4239 utura

151 4277 205 4312 erce
223 4264 265 4312 vel
288 4263 410 4320 similiter,
433 4265 499 4326 quod
522 4265 625 4313 multum
645 4265 755 4313 differta
774 4270 843 4314 mis
861 4269 1033 4329 promissione,
1051 4283 1115 4330 qnae
1131 4267 1172 4316 hic

151 4341 294 4404 requietus.
