2656 4890
156 285 217 345 138
432 300 701 343 inruarnarsrro
727 299 819 342 vans.
842 282 893 341 29.

154 472 309 534 usitatrun
335 459 417 546 esse,
444 471 539 553 longe
564 468 683 546 abfuit,
711 469 781 545 sed,
807 470 843 532 in
873 469 1072 554 disceptandi
1097 474 1175 537 euin

154 585 351 648 Marcionitis
379 583 515 660 fauore,
543 589 672 647 tantum
701 583 818 647 sumsit
846 583 916 648 fieri
944 585 1106 667 potuisse,
1137 592 1177 649 nt

153 719 257 762 nsum
280 703 385 762 aetate
406 697 459 761 hic
481 718 550 760 mos
576 698 715 761 Corinthi
733 697 855 780 vigeret
873 698 1083 762 strationem
1103 699 1176 763 eius

152 812 283 877 haberet
313 811 491 894 Apostolus
519 815 555 893 ¹).
581 811 685 893 Atqui
709 833 730 873 a
754 811 920 876 verisimili
946 810 1112 890 abhorret,
1139 833 1177 877 se

152 929 237 991 inter
255 925 439 990 Corinthios
459 945 595 988 cnarsrl
615 929 787 988 sectatores
805 925 871 988 iam
890 925 1103 1008 quadriennio
1123 925 1176 991 vel

153 1041 386 1124 quinquennio,
412 1045 582 1122 postquam
610 1039 745 1102 societas
771 1059 883 1103 eorum
913 1039 1043 1103 condita
1073 1046 1175 1118 essct,

152 1156 331 1218 inssinuase
353 1153 628 1238 superstitionem,
648 1173 730 1235 quae
753 1158 881 1217 tantum
898 1153 934 1216 in
952 1153 1101 1219 homines
1119 1175 1174 1220 ee-

153 1269 227 1333 dere
248 1273 356 1352 posset
378 1267 573 1352 baptismum
593 1267 697 1330 multo
719 1266 818 1350 pluris
837 1267 1058 1345 aestimantes,
1073 1289 1176 1350 quam

150 1383 280 1446 illorum
303 1382 428 1446 dierum
449 1382 547 1446 ferret
565 1380 761 1464 simplicitas.
782 1381 880 1445 Quod
899 1386 1008 1445 autem
1028 1401 1173 1447 anens-

153 1517 231 1559 Nws
255 1499 280 1578 ²)
303 1518 337 1561 se
355 1497 514 1559 traditioni
533 1494 647 1559 debere
665 1501 787 1571 narrat,
807 1494 952 1559 eiusdem
969 1497 1173 1580 superstitio-

151 1611 202 1673 nis
218 1616 251 1674 et
268 1611 480 1673 Corinthiooos
494 1609 635 1673 fautores
651 1608 763 1686 fuisse,
777 1614 810 1673 et
824 1610 1013 1674 memoriam
1027 1631 1048 1674 a
1059 1629 1172 1684 naono

151 1730 370 1788 conservatam
393 1744 475 1801 esse,
493 1724 563 1807 ipse
585 1723 740 1787 continuo
762 1724 885 1806 respuit
906 1723 1023 1789 verbis:
1046 1725 1174 1804 Καλῶς

84 1894 87 1898 .
132 1825 195 1906 ’δὲ
213 1830 314 1907 ἄλλοι
330 1829 371 1907 τὸ
394 1829 505 1930 ῥητὸν
526 1829 800 1930 ἑρμηνεύοντες,
817 1833 934 1930 φασὶν
944 1844 1004 1902 cet.
1017 1840 1172 1921 atquesie

153 1951 208 2013 alii
234 1951 491 2034 interpretationi
516 1951 675 2015 calculum
697 1973 793 2015 sumn
815 1951 933 2016 adiicit.
957 1953 1173 2017 Onnrsosso-

152 2083 220 2126 nos
242 2084 317 2128 vero
340 2085 424 2143 eam,
447 2071 561 2150 utpote
584 2087 622 2130 ex
644 2065 758 2148 putido
781 2058 1044 2131 Marcionitoram
1068 2087 1173 2131 errore

149 2179 338 2262 protectam,
362 2156 500 2244 breviter
520 2179 696 2263 redarguit,
720 2200 922 2257 aranearum,
946 2185 985 2243 ut
1007 2181 1067 2258 ait,
1091 2181 1172 2246 telas

151 2293 273 2357 diutius
295 2294 502 2358 conscindere
523 2294 698 2357 fastidiens.
720 2293 785 2358 Sed
803 2293 929 2357 etiamsi
947 2294 1003 2358 ille
1021 2294 1172 2378 Apostoli

151 2405 246 2470 verba
265 2407 310 2470 sic
330 2408 531 2489 explicasset,
551 2406 694 2489 profecto
713 2407 874 2498 sententia
891 2407 967 2483 viri,
986 2408 1043 2489 qui
1063 2407 1172 2471 seculo

151 2519 281 2583 demum
311 2521 392 2583 vixit
420 2526 535 2602 quarto
564 2519 729 2584 adfinem
756 2526 920 2603 vergente,
946 2540 1015 2583 non
1040 2521 1173 2584 maioris

150 2635 265 2699 fuisset
291 2633 504 2711 auctoritatis,
529 2656 626 2716 quam
652 2653 917 2711 suanosmsras,
945 2633 1002 2698 ubi
1030 2635 1171 2719 scripsit:

152 2732 220 2824 „ln
246 2753 375 2811 tantum
398 2746 546 2811 stabilem
570 2753 603 2810 et
624 2755 727 2811 ratam
749 2748 819 2810 vult
841 2748 1010 2813 ostendere
1031 2766 1172 2815 resurre-

151 2862 290 2924 ctionem
312 2867 526 2938 mortuorum,
546 2867 584 2923 ut
607 2863 787 2944 exemplum
809 2861 864 2925 det
883 2882 1008 2939 eorum,
1027 2864 1086 2946 qui
1104 2871 1172 2927 tam

151 2975 253 3037 securi
272 2980 364 3038 erant
382 2974 421 3037 de
439 2973 549 3038 sutrrra
566 2976 811 3051 resurrectione,
830 2981 868 3037 ut
888 2976 986 3039 etiam
1005 2996 1065 3058 pro
1084 2998 1170 3040 mor·

151 3088 215 3149 tuis
238 3086 490 3170 baptizarentur,
514 3090 542 3150 si
569 3110 664 3171 quem
689 3109 775 3151 mors
800 3090 1028 3170 praevenisset,
1054 3091 1170 3156 timen-

150 3206 213 3277 tes,
240 3221 282 3264 ne
308 3209 365 3266 aut
389 3202 487 3278 male,
515 3209 664 3266 autnon
690 3208 882 3285 resurgeret,
906 3205 962 3286 qui
989 3202 1171 3288 baptizabis
1212 3250 1216 3263 .

151 3336 217 3377 non
235 3315 353 3378 fuerat:
369 3317 460 3379 vivus
479 3316 611 3380 nomine
629 3317 749 3379 mortui
768 3316 961 3399 tingebatur.
978 3317 1077 3381 Unde
1095 3304 1170 3383 aab
1197 3356 1216 3366 -

149 3429 231 3491 iicit:
256 3429 334 3510 quid
361 3436 393 3492 et
419 3428 621 3512 baptizentur
646 3451 704 3513 pro
729 3430 813 3494 illis?
836 3431 992 3514 Exemplo
1019 3431 1083 3495 hoc
1106 3452 1216 3496 nonu

149 3540 272 3604 factum
289 3543 419 3606 illorum
437 3542 565 3626 probat,
582 3543 638 3606 sed
656 3543 753 3607 fidem
771 3544 868 3606 fixam
885 3544 921 3606 in
939 3546 1216 3609 resurrectiones

151 3655 323 3718 ostendier
343 3658 460 3738 Itaque
478 3657 605 3718 nullum
623 3657 718 3740 plane
737 3657 940 3740 antiquitatis
959 3664 1009 3722 est
1024 3659 1216 3723 testimo—

149 3770 242 3831 nium
256 3769 320 3832 fide
334 3770 482 3853 dignum,
496 3792 560 3852 quo
575 3770 654 3834 haec
664 3771 789 3834 nitatur
798 3771 1032 3855 interpretatio.
1045 3772 1216 3837 Deindfl

43 3956 46 3963 Ι
151 3882 337 3946 incredibile
359 3905 427 3947 esse
450 3883 591 3961 videtur,
612 3904 752 3946 sanson
771 3885 933 3963 homines,
954 3887 1010 3967 qui
1031 3887 1216 3973 Corinth-²

153 4063 313 4074 ——---.-

185 4176 206 4226 ¹)
226 4172 264 4220 Cf.
284 4187 433 4227 ansanus,
449 4175 551 4236 Alipota
574 4176 715 4222 Grsclrictrte
734 4176 777 4222 der
797 4177 897 4223 Cleristt.
920 4177 1028 4237 Relipiorr
1044 4177 1096 4222 aad
1111 4174 1216 4221 arr-⁴

151 4251 199 4296 ebe.
220 4252 286 4297 'lom
310 4252 329 4297 l.
349 4266 373 4310 p.
395 4253 451 4298 812.

184 4354 205 4411 ²)
225 4353 323 4401 Horror.
344 4356 414 4401 l'lll.
435 4355 488 4402 lib.
511 4357 529 4403 l.
549 4359 618 4404 'lona
640 4359 673 4405 ll.
694 4372 717 4416 p.
741 4359 785 4405 114
808 4361 857 4404 Cot.
