2656 4890
399 315 668 360 inrrarnrrarro
693 317 784 358 vaus.
810 299 868 373 30,
893 301 943 358 31.
1119 301 1180 360 143

150 488 299 572 spondet
318 487 455 551 Latinae
472 490 578 562 etiam,
599 486 674 548 lieet
692 487 874 549 Pnonomen
893 478 991 574 ἡμεῖς
1009 488 1059 549 vel
1077 487 1180 550 simile

151 609 238 687 post
263 622 298 665 se
323 599 455 677 habeat,
479 600 521 663 ad
544 598 702 675 Verbum,
726 599 791 662 sive
815 620 1012 683 expressum,
1036 621 1093 664 seu
1114 621 1180 664 non

141 719 345 800 'expressum
367 715 448 797 (Act.
468 713 586 777 Xera
606 717 627 776 2
650 715 718 776 Gor.
738 713 783 776 X:
806 717 833 776 7.
849 713 914 776 XI:
934 715 995 796 12.)
1016 714 1181 778 referenda

153 837 227 906 θεῖς
248 828 294 892 sie
320 828 397 891 satis
419 827 515 890 multi
537 832 614 890 sunt
635 826 713 903 loci,
737 827 792 908 qui
816 847 886 890 eam
909 827 1040 890 omnino
1062 828 1109 890 ita
1129 828 1179 889 in-

153 942 328 1026 terpretari
358 944 483 1018 vetent,
511 945 549 1003 ut
577 940 741 1003 subactam
766 943 912 1004 orationis
937 961 993 1025 per
1018 961 1088 1004 eam
1113 961 1181 1004 cam

155 1058 223 1120 aaa
243 1057 291 1119 aet
312 1055 382 1117 allis
404 1058 603 1136 comparetur.
623 1055 694 1116 Nec
716 1053 871 1117 haetenus
893 1054 978 1118 inter
1000 1076 1034 1118 re
1056 1053 1181 1118 differre

155 1169 264 1248 locos,
283 1168 318 1231 in
341 1167 458 1250 quibus
481 1187 519 1231 ea
541 1165 686 1230 Verbum
708 1166 876 1250 praecedat
895 1175 928 1231 et
946 1174 1112 1250 sequatur,
1131 1168 1181 1231 lu-

154 1283 305 1348 culenter
327 1279 488 1345 docebunt
510 1281 622 1343 Marta.
644 1281 708 1344 VI:
732 1283 780 1343 12.
800 1282 906 1344 Ioaaa.
925 1280 1023 1344 XXI:
1043 1285 1073 1345 3.
1093 1284 1180 1346 Rom.

154 1398 227 1460 VI:
248 1399 277 1460 4.
297 1398 319 1457 2
344 1396 413 1457 Gor.
438 1395 470 1457 I:
494 1396 561 1456 6.1
593 1395 684 1457 lbere
712 1395 784 1457 III:
808 1396 1107 1458 12.1Ioaaa.1V:
1131 1399 1180 1458 11.

154 1511 246 1574 Cum
268 1528 371 1572 raum
394 1513 503 1572 autem
526 1507 687 1571 sententia
709 1509 900 1592 interpretes
922 1509 1057 1572 eonfern‘
1079 1509 1179 1572 iusse-

154 1631 239 1687 runt
260 1621 354 1686 verba
378 1623 976 1705 c1cra0n1s¹):Nemoaapaamsiae
997 1643 1108 1704 mapsa
1129 1643 1181 1704 spe

154 1738 399 1801 immortalitatis
420 1756 451 1799 se
463 1755 525 1818 pro
538 1737 647 1816 patria
665 1738 790 1817 offerret
809 1737 852 1798 ad
868 1743 994 1800 mortem
1011 1743 1070 1800 eet.
1090 1738 1179 1800 Pau-

159 1870 224 1914 nos
247 1870 322 1914 vero
344 1870 411 1913 non
434 1849 474 1913 de
496 1851 721 1913 immortalitate
744 1852 839 1913 animi
858 1850 1046 1933 disputavit,
1067 1849 1121 1914 sed
1142 1850 1181 1912 de

160 1966 250 2028 beato
267 1966 396 2027 basiate
416 1964 584 2026 Christiani
602 1963 702 2025 redita
720 1964 754 2024 ia
771 1965 872 2026 vitam

630 2214 709 2227 ..αι

576 2409 683 2463 vers.
705 2408 767 2461 ³1.

208 2627 397 2690 Provocatio
429 2627 469 2689 ad
500 2647 533 2690 se
563 2648 701 2710 suosque
732 2634 902 2692 sectatores
930 2647 1068 2690 rsunnra
1095 2649 1182 2690 nune

160 2740 256 2804 duxit
277 2739 318 2803 sd
340 2739 578 2804 testificandum
600 2741 640 2804 de
661 2763 693 2804 se
711 2761 786 2804 aaa:
808 2733 905 2811 Καθ’
926 2733 1067 2833 ἡμέραν
1085 2732 1181 2810 ἀπο-

161 2847 329 2942 θνήσκω.
344 2854 498 2918 Similiter
511 2854 703 2937 Apostolus,
715 2876 747 2918 se
760 2858 881 2938 suisque
895 2855 1085 2918 adiutoribus
1095 2875 1180 2919 eom-

161 2967 362 3044 memoratir‚
386 2967 426 3030 de
451 2989 483 3030 se
507 2987 566 3030 aaa
593 2968 783 3032 testificatur
812 2973 825 3031 1
856 2971 925 3032 Cor.
949 2970 1021 3033 III:
1048 2971 1090 3031 10
1111 2968 1181 3032 coll.

161 3083 193 3144 9.
214 3076 279 3145 IV:
307 3084 362 3157 la,
395 3083 435 3143 15
462 3081 532 3146 coll.
560 3085 580 3143 8
608 3103 674 3163 sqq.
698 3084 719 3143 2
745 3083 814 3144 Cor.
840 3083 871 3145 I:
897 3081 1033 3145 230011.
1057 3084 1116 3158 21,
1139 3083 1181 3143 22

162 3194 203 3258 al.
228 3193 355 3259 Quibus
378 3194 457 3258 loeis
480 3194 725 3258 corroborantur
747 3215 800 3272 ea,
820 3215 901 3276 quae
924 3214 1019 3276 supra
1042 3192 1081 3257 de
1103 3193 1181 3255 Plu-

161 3307 222 3371 rali
258 3298 357 3397 ἡμεῖς
393 3301 660 3398 κινδυνεύομεν
699 3308 865 3391 disputavi.
904 3307 1048 3371 Verbum
1085 3296 1181 3376 ἀπο-

163 3414 319 3510 θνήσκω
345 3423 493 3485 nonnulli
519 3443 593 3486 aum
617 3443 741 3485 saorra
763 3422 1028 3505 interpretantur:
1048 3414 1181 3502 palatas

163 3555 230 3598 sam
259 3539 353 3613 mort,
381 3558 460 3618 qnos
492 3541 524 3600 et
551 3538 605 3600 alii
631 3542 885 3621 praecesserimt,
914 3541 946 3600 et
973 3555 1179 3598 cnnrsosro-

165 3667 248 3726 uns,
266 3671 366 3732 quum
386 3652 415 3714 ei
435 3650 640 3715 adscriberet:
656 3653 701 3743 τῇ
715 3647 911 3742 προθυμίᾳ
926 3646 1052 3741 καὶτῷ
1067 3670 1181 3739 παρε-

164 3755 368 3834 σκεύασθαι
399 3756 487 3857 πρὸς
518 3767 636 3836 τοῦτο.
667 3766 831 3847 Plerique,
863 3765 960 3828 etiam
995 3781 1180 3825 ausaausa·
1301 3845 1303 3849 Ι

166 3894 259 3952 arus,
288 3882 496 3956 niicnnnrns,
521 3899 698 3955 animans,
721 3899 883 3956 uramus,
907 3878 1043 3959 intelligi
1069 3874 1183 3938 iubent

167 3992 272 4053 laertio
285 3994 470 4073 periculam,
491 3992 576 4076 quod
595 3993 640 4056 sic
659 3993 813 4075 expressit
832 4012 1011 4056 canvruus:
1034 3978 1182 4052 ¹Obriateor

168 4104 297 4168 matteis
323 4107 470 4170 mortibus
494 4107 633 4188 quotidie.
657 4109 729 4169 Iam
756 4106 899 4188 quamvis
926 4106 961 4167 in
982 4103 1071 4167 libris
1094 4103 1180 4165 Novi

166 4271 329 4280 ——---.—.

200 4367 220 4424 ¹)
244 4368 313 4415 litae.
334 4370 430 4422 Qaaert.
451 4368 505 4416 Lib.
525 4371 547 4415 l:
570 4371 607 4416 15.
