2656 4890
151 299 213 357 110
418 314 687 357 iurunssursrro
711 315 800 357 vous.
827 297 878 358 24.

148 486 204 567 gui
216 506 307 569 posse
320 484 468 548 notiones
479 482 706 547 vocabulorum
718 475 817 576 ἀρχή
821 537 833 569 ,
844 482 992 562 ἐξουσία
1003 490 1036 548 et
1044 478 1183 556 devan-

147 623 217 687 μις.
242 598 305 662 Sed
330 617 459 660 esurus
483 597 533 659 his
556 596 657 661 tribus
681 596 843 662 vocabulis
866 598 973 660 minus
997 619 1075 662 usus
1097 619 1193 664 osae·

148 711 289 788 videtur,
304 718 343 775 ut
357 716 421 775 tres
437 716 610 795 potestates
625 711 711 773 inter
726 731 760 773 se
776 709 1004 794 distingueret,
1018 733 1116 794 quom
1130 720 1172 776 ut

149 825 303 890 orationis
318 823 466 889 ubertate
479 823 675 888 adversarios
692 825 824 889 atses
832 826 953 907 pesteris
962 825 1172 908 significaret.

150 939 259 1005 Quare
293 938 390 1002 etiem
419 937 625 1002 Adiectivum
654 939 776 1008 πᾶσαν
806 939 905 1003 semel
934 945 1064 1003 tantum
1092 947 1173 1004 ante

149 1049 336 1137 ἐξουσίαν,
357 1072 423 1114 non
443 1072 516 1116 vero
533 1052 653 1116 iterum
671 1045 932 1142 antedonem
950 1053 1086 1137 repetiit.
1108 1053 1171 1116 Off.

152 1184 319 1229 csnvrnus
339 1165 465 1248 aliique.

196 1277 340 1343 Verbum
369 1271 579 1371 καταργήσῃ
609 1280 637 1342 si
666 1280 914 1363 interpretamur
937 1282 969 1344 oi
994 1300 1052 1343 ιιιο
1079 1282 1174 1344 δισί-

151 1395 258 1471 tund,
288 1392 455 1456 notionem
489 1392 520 1456 ei
552 1391 723 1458 tribuimus
758 1392 1003 1457 convenientem
1032 1392 1174 1458 vocabu-

151 1508 191 1570 lis
217 1497 360 1600 ἀρχὴν,
379 1503 549 1584 ἐξουσίαν
575 1512 608 1571 et
633 1498 809 1595 δύναμιν.
832 1506 977 1570 Eandem
1003 1507 1175 1571 notionem

152 1620 212 1684 sibi
238 1620 404 1706 postulant
431 1639 544 1683 omnes
570 1619 647 1696 looi,
669 1620 705 1682 in
732 1619 848 1702 quibus
873 1620 955 1683 illud
978 1618 1018 1684 de
1036 1627 1174 1703 potesta-

152 1735 246 1811 tibus,
264 1735 450 1816 praesertim
472 1734 673 1810 advesariis,
696 1740 886 1818 usurpetis,
905 1733 954 1797 uti
980 1737 996 1796 l
1024 1734 1095 1797 Gor.
1114 1735 1173 1797 II:

153 1849 227 1910 6.2
259 1849 356 1912 wiese.
383 1849 536 1911 11:82
566 1848 640 1912 Ἰδιιι.
666 1849 700 1911 I:
726 1850 775 1910 10.
802 1847 897 1911 Ηιδν.
925 1849 977 1911 II:
1006 1850 1063 1911 14:
1088 1848 1192 1912 item·

158 1962 233 2025 Test.
249 1961 321 2026 XII
335 1964 424 2025 Potr.
442 1963 468 2044 1)
484 1959 542 2025 ubi
559 1960 709 2045 legimus:
725 1954 943 2054 καταργήσει
959 1953 1092 2054 Brutos
1111 1959 1177 2031 καί

152 2065 236 2154 rods
260 2066 527 2168 ὑπηρετοῦντας
551 2067 682 2163 αὐτοῦ,
706 2097 788 2159 quae
813 2075 909 2141 verba
935 2075 1033 2139 etiam
1058 2075 1177 2139 attulit

154 2208 488 2268 snrnscuuninsnus,
503 2190 560 2255 sed
574 2191 681 2254 minus
696 2196 783 2255 reete
799 2189 958 2273 explicuit.
972 2187 1071 2254 Haud
1086 2189 1178 2253 mule

154 2323 236 2367 snos
263 2303 404 2368 monuit:
434 2325 524 2367 onon
552 2303 615 2368 diei
641 2303 815 2368 abolendos
840 2301 928 2391 idos,
955 2302 1012 2385 qui
1036 2302 1176 2386 imperio

154 2415 290 2499 praediti
312 2422 403 2494 sunt,
423 2417 479 2481 sed
502 2438 614 2482 eorum
636 2422 831 2500 potestatem
853 2434 922 2481 esse
945 2415 1177 2494 abolendam-,³¹

155 2527 215 2592 off.
238 2530 312 2593 Ιοιι.
335 2529 438 2593 XIII:
461 2533 489 2593 7.
512 2534 527 2593 l
555 2532 624 2593 Cor.
649 2532 700 2595 II:
725 2532 755 2594 6.
774 2533 797 2593 2
820 2531 889 2594 Cor.
909 2532 981 2594 III:
1004 2532 1044 2592 11
1063 2532 1179 2612 sqq&

160 2643 234 2706 Iino
258 2645 290 2707 I:
312 2645 362 2705 10.
381 2643 475 2707 Hebr.
500 2645 551 2708 II:
574 2647 623 2706 14.
644 2645 715 2707 Iam
737 2664 812 2707 vero
835 2665 936 2726 quum
956 2661 1087 2706 eronus
1106 2644 1178 2706 siat

155 2748 246 2828 ὅταν
268 2749 495 2849 καταργήσῃ,
514 2756 679 2834 Aoristus,
699 2778 800 2840 aeque
823 2733 928 2840 atque¹
943 2757 1050 2821 Ιοοιιιι.
1069 2756 1176 2821 XVI:

156 2873 214 2944 21,
229 2871 396 2935 Praesenti
414 2864 609 2962 παραδιδῷ
628 2871 840 2954 postpositus,
858 2871 953 2935 nobis
969 2871 1091 2936 indioio
1109 2877 1177 2947 est,

155 2983 235 3046 haee
249 2982 344 3046 verba
357 3005 439 3061 non,
453 2990 492 3047 ut
507 3003 810 3049 usnnsnnsreurus
824 2985 945 3068 aliique
959 2985 1178 3062 volunt,eom

156 3096 381 3160 remotioribus
407 3092 481 3168 εἶτα
505 3091 547 3169 τὰ
573 3099 668 3179 τέλος
689 3098 924 3176 connectenda,
948 3099 1005 3165 sed
1029 3098 1185 3182 proxime·

156 3211 418 3294 praecedentibus
433 3205 525 3283 ὅταν
539 3208 735 3304 παραδιδῷ
749 3205 819 3302 τὴν
829 3210 1016 3302 βασιλείαν
1026 3212 1179 3304 τοί-Θεῷ

156 3322 218 3394 καί
243 3324 365 3417 navet
386 3326 585 3392 subiicienda
605 3348 682 3391 esse.
706 3328 838 3391 Mecum
860 3328 1022 3390 haetenus»
1038 3344 1180 3390 eonsene

156 3438 244 3502 tiunt
260 3459 438 3518 Murruuus,
451 3460 613 3519 wurrms,
625 3441 758 3523 aliique,
771 3445 931 3523 quotquot
941 3439 1087 3504 librarios
1097 3462 1180 3510 πα-

157 3548 262 3645 ραδῷ
276 3574 334 3637 pro
344 3548 540 3647 παραδιδῷ
550 3553 713 3638 scripsisse
723 3558 863 3618 censent.
877 3553 941 3618 Sed
953 3553 1079 3616 etiamsi
1090 3572 1179 3617 rsu-

158 3686 219 3730 nus
242 3667 310 3750 ipse
333 3669 510 3752 Receptum
531 3662 687 3761 παραδῷ
705 3668 896 3751 scripsisset,
915 3689 957 3732 ne
975 3667 1020 3730 sio
1043 3666 1180 3750 quidem

157 3781 311 3844 orationis
328 3781 486 3859 membra,
507 3801 590 3864 quae
609 3803 628 3845 a
647 3780 810 3845 Particula
827 3774 919 3852 ὅταν
935 3782 1180 3865 incipiunt,‘ita

155 3900 337 3980 comparata
359 3899 481 3972 essent,
500 3901 538 3959 ut
560 3895 602 3960 ad
624 3918 727 3959 unum
749 3895 898 3979 idemque
917 3902 1044 3980 tempus
1063 3894 1179 3959 referri

156 4015 294 4092 possent.
312 4010 420 4076 Quem
434 4029 554 4073 nexum
572 4009 600 4072 si
618 4016 731 4074 auctor
748 4010 886 4073 orationi
900 4009 1057 4086 dedisset,
1072 4009 1181 4073 eredi-

158 4121 259 4187 derim
274 4144 416 4206 quoque,
432 4144 507 4186 eum
522 4123 656 4188 alteram
671 4123 867 4219 Particulam
879 4115 972 4193 ὅταν
986 4144 1059 4187 oum
1076 4121 1181 4223 alteria
1201 4136 1214 4219 Ἰ

193 4375 214 4435 1)
233 4375 263 4422 L.
283 4376 300 4421 l.
319 4375 374 4421 Vol.
395 4375 416 4422 1.
435 4390 460 4435 p.
481 4373 536 4422 730.
662 4394 665 4401 ·
