2656 4890
437 288 711 337 ,tununensnnnio
736 287 827 331 vans.
853 271 904 331 29.
1119 271 1208 332 135.

198 457 287 525 Quid
310 476 383 521 vero
406 457 485 521 haec
509 456 704 540 expedivisse
723 456 826 533 iuvat,
846 455 1000 540 quamdiu
1021 456 1177 543 impedita

149 578 286 653 manent
308 571 476 655 sequentia
494 563 584 662 ὑπὲρ
602 570 679 642 τῶν
697 570 858 663 conperiat?
878 569 993 634 Varios
1013 571 1176 657 Interpre-

152 692 225 751 tum
248 690 382 750 conatus
405 685 448 748 ad
468 684 592 749 nodum
610 682 812 762 solvendum,
831 682 951 748 iudicio
970 683 1176 769 interposito,

147 805 373 864 'memoranmt
409 818 573 875 wonnws,
613 817 826 876 nosnamus,
862 817 1176 874 narnnuan1en1m‚

152 932 353 990 sunmnnus,
382 930 648 991 onsnnosaums,
676 931 855 990 nouenos,
881 931 1068 990 osmundo,
1091 913 1177 977 inter

152 1033 310 1093 nostrates
346 1045 546 1102 annuamus,
582 1044 804 1104 aosvnnnms,
839 1045 981 1103 nemus,
1018 1045 1175 1089 mamus.

152 1141 342 1207 Commenta
361 1146 470 1203 autem
488 1140 553 1204 iam
572 1138 629 1203 diu
647 1139 788 1203 refutata
807 1139 913 1203 denuo
929 1139 1111 1204 examinare
1126 1139 1176 1202 ni·

152 1254 197 1318 hil
214 1254 340 1318 attinet.
356 1253 442 1336 Ergo
461 1251 522 1316 sibi
540 1252 755 1336 relinquatur,
770 1251 961 1337 periclitatio
976 1252 1072 1318 verba
1086 1244 1176 1344 ὑπὲρ
1201 1304 1202 1309 ,

153 1368 226 1439 τῶν
248 1367 389 1457 νεκρῶν
411 1365 462 1431 vel
483 1365 715 1450 interpretandi
736 1387 795 1449 pro
813 1373 931 1430 owrtuo
950 1388 992 1430 sc.
1013 1386 1173 1444 canisae,

154 1481 201 1546 val
215 1483 323 1545 nrortts
337 1501 445 1557 causa,
458 1480 508 1544 vel
523 1487 557 1544 at
571 1486 697 1544 mortem
712 1486 867 1556 overtona·
878 1481 958 1545 item
969 1481 1048 1544 haec
1061 1480 1174 1544 distin·

155 1594 267 1659 ationis
290 1595 440 1659 mutatio:
460 1590 496 1664 τί
513 1586 716 1682 ποήσουσιν
733 1592 769 1665 οἱ
787 1586 1066 1684 βαπτιζόμενοι;
1084 1586 1174 1686 ὑπὲρ

153 1709 226 1778 τῶν
237 1709 394 1800 νεκρῶν;
403 1714 475 1773 tum
485 1728 613 1791 quoque
625 1708 748 1791 opinio,
757 1708 816 1770 hac
828 1707 912 1771 facta
924 1713 1085 1772 structura
1095 1704 1130 1778 τί
1140 1706 1175 1777 οἱ

154 1814 414 1911 βαπτιζόμενοι
424 1814 640 1911 ποιήσουσιν
650 1812 740 1914 ὑπὲρ
752 1822 828 1892 τῶν
839 1822 997 1914 nonenim
1005 1820 1174 1885 verborum

154 1955 282 1999 sensnm
296 1955 376 1999 esse:
396 1936 480 2010 Quid
492 1937 571 1998 lucri
585 1936 731 2012 homines,
749 1936 895 2017 bopttsmo
910 1935 1172 2011 rememorans,

149 2068 226 2129 proc
240 2050 280 2112 ne
286 2049 423 2131 facien,
435 2049 489 2131 qui
502 2051 535 2111 in
549 2048 736 2122 Iudaeorum
753 2048 951 2131 Gentiumque
964 2049 1175 2130 superstitione

154 2164 264 2224 mortui
275 2169 345 2226 runt
358 2166 382 2246 ¹)
391 2171 407 2225 Ρ
415 2163 485 2226 Nec
496 2163 592 2245 longa
605 2154 827 2245 disputatione
835 2182 916 2246 opus
923 2169 972 2247 est
979 2160 1021 2223 ad
1027 2160 1173 2224 refellen-

154 2273 226 2339 dam
237 2276 548 2360 interpretationem,
557 2297 640 2359 quae
650 2276 735 2339 inter
746 2275 825 2339 haec
833 2274 982 2361 duoffnpiv
990 2274 1133 2365 νεκρῶν
1141 2285 1173 2343 et

153 2385 272 2482 νεκροὶ
283 2389 366 2451 nihil
373 2389 528 2454 interesse
536 2390 643 2454 sumit.
651 2388 812 2472 Equidem
819 2370 946 2471 credere
953 2410 1021 2452 non
1028 2409 1173 2473 possum,

153 2502 219 2566 sine
228 2523 324 2566 causa
335 2502 457 2566 factum
470 2524 551 2580 esse,
560 2510 598 2568 ut
610 2510 797 2582 cantuset
808 2504 1013 2567 hocinversu
1021 2488 1174 2567 Genitivo
1245 2514 1249 2532 ¹

152 2619 225 2687 τῶν
248 2617 390 2707 νεκρῶν
407 2617 656 2681 Nominativum
674 2613 798 2708 νεκροὶ
816 2617 887 2683 sine
906 2594 1173 2707 Articulosubii-

152 2735 250 2805 earet,
267 2736 300 2794 et
319 2730 431 2794 eodem
450 2730 604 2794 vocabulo
619 2732 655 2794 in
670 2731 883 2801 circumiectis
898 2735 949 2794 ter
968 2732 1024 2815 (vs.
1041 2732 1098 2809 35,
1113 2733 1171 2806 42,

153 2845 215 2926 52.)
230 2864 305 2907 cum
315 2826 476 2921 Anticum,
486 2846 584 2908 octies
597 2844 657 2927 (bis
665 2867 710 2909 vs.
720 2847 775 2922 12,
784 2850 856 2909 tum
863 2865 907 2907 vs.
918 2846 974 2920 13,
984 2845 1039 2920 15,
1051 2843 1091 2907 16
1095 2890 1105 2920 ,
1115 2845 1173 2919 20,

153 2957 282 3040 21‚32.)
293 2956 362 3020 sine
370 2957 517 3021 Articulo
525 2964 677 3022 uteretun
687 2960 760 3023 Iam
769 2956 1173 3035 smnronnmulfinedam

153 3089 339 3132 aosvnnmo
367 3077 399 3134 et
426 3089 543 3147 anem,
567 3072 634 3135 dux
659 3071 722 3135 fuit
747 3073 916 3155 utriusque
939 3070 1172 3154 distinguendi,

152 3183 238 3264 qnod
264 3183 365 3247 sibilis
393 3185 559 3268 explosum
584 3185 703 3261 nollem
728 3207 749 3247 a
775 3204 978 3249 consummo
1003 3186 1046 3265 ²),
1070 3190 1102 3247 et
1124 3204 1172 3247 rc-

153 3476 155 3493 =
187 3460 208 3520 ¹)
227 3461 312 3520 Nuper
328 3473 522 3508 anneus-nnus
540 3465 635 3516 noster,
650 3460 676 3506 in
694 3458 783 3507 Literia
801 3456 862 3505 mihi
877 3456 986 3517 scriptis,
1001 3469 1045 3517 pro
1063 3455 1172 3504 doctrina

153 3551 195 3586 sua
214 3539 239 3587 id
261 3545 360 3586 strenue
381 3538 442 3601 egit,
465 3543 493 3588 ut
511 3539 575 3586 hanc
594 3537 823 3599 interpretationem
840 3539 960 3584 tueretur.
983 3536 1014 3582 Et
1034 3535 1173 3582 luculenter

153 3616 271 3675 ostendit,
290 3618 418 3678 sequentia
434 3620 463 3664 τί
481 3617 523 3664 καὶ
541 3615 711 3680 βαπτίζονται
728 3610 792 3682 ὑπὲρ
810 3609 893 3663 adroic
911 3613 1039 3661 commode
1057 3613 1172 3673 explicari

153 3709 233 3756 posse:
253 3697 319 3750 Quid
335 3698 455 3758 baptismo
472 3710 498 3743 ae
514 3697 665 3743 submittunt
677 3711 742 3756 prae
758 3696 798 3742 iia.
814 3695 848 3742 At
865 3694 926 3741 haec
943 3698 1026 3740 tamen
1044 3691 1110 3752 ipsa,
1126 3693 1173 3739 nisi

152 3773 238 3833 fallor,
254 3775 357 3832 docent,
375 3775 548 3837 praecedentia
563 3768 628 3842 ὗνιὲρ
644 3770 695 3822 τῶν
712 3770 806 3841 νεκρῶν
824 3787 880 3820 cum
899 3770 1028 3832 Participio
1045 3765 1172 3832 βαπτιζό-

152 3870 224 3915 μενοι
245 3854 414 3901 connectenda
435 3867 496 3901 esse.
516 3853 612 3900 Deinde
631 3853 722 3901 frustra
743 3856 894 3914 quaeruntur
914 3850 1027 3911 exempla
1047 3850 1171 3904 locorum,

151 3931 281 3994 inquibus
300 3933 450 3993 Praepositio
467 3927 545 4000 ὑπέρ,
566 3931 707 3980 Genitivuin
727 3936 782 3992 post
801 3945 829 3979 se
848 3929 956 3986 habens,
974 3928 1105 3976 conveniat
1123 3929 1170 3975 La-

151 4011 217 4059 tinae
229 4027 302 4073 proe.
322 4014 384 4060 Tum
402 4011 508 4059 formula
525 4006 589 4077 ὑπὲρ
606 4006 657 4058 τῶν
674 4007 781 4076 νεκρῶν,
801 4010 820 4057 si
838 4009 897 4071 quid
919 4008 1004 4064 video,
1022 4007 1108 4054 referri
1127 4023 1170 4054 ne-

152 4092 203 4151 quit
220 4092 252 4138 ad
269 4093 386 4147 domines,
402 4093 428 4138 in
447 4092 593 4138 Iudaeorum
609 4091 766 4151 pontiumque
783 4089 958 4148 ncprerintione
972 4087 1094 4143 mortuos,
1110 4101 1170 4147 quo·

152 4185 205 4217 rum
230 4171 326 4217 nullum
351 4170 480 4232 vestigium
504 4169 528 4215 in
552 4168 661 4215 oratione
682 4171 796 4214 contenta
815 4172 859 4214 eat.
883 4165 922 4213 Cf.
945 4178 1170 4213 ennonnanncnu

150 4248 283 4309 disputatio
300 4249 416 4297 adversus
433 4261 614 4304 nicnnnnun,
631 4246 673 4308 qui
691 4244 794 4294 candem
812 4243 958 4294 senteutiam
978 4244 1112 4304 proposuit.

186 4352 208 4410 2)
226 4353 263 4400 Ad
282 4367 363 4400 cneus.
383 4353 455 4400 Alex.
475 4354 544 4399 Tonn
565 4351 598 4398 Π,
620 4367 644 4411 p.
664 4349 711 4399 974
732 4364 806 4396 nors.
