2656 4890
327 90 348 135 t

107 246 110 253 ’
148 269 190 337 88
403 282 817 329 :rsrnnraarnmovraen
830 267 883 326 Μ

149 461 259 521 uento
287 455 367 517 milri
395 459 472 518 sunt
495 454 628 518 -Veteris
656 453 807 536 Noviqne
832 450 1163 529 meramnum-libri,

149 567 220 649 qui,
251 567 397 649 quamvis
429 587 529 651 saepe·
552 587 602 631 res
632 567 818 630 hominesve
841 571 1035 648 praestantes
1056 565 1166 629 titulo

144 681 356 761 primitierren
376 680 576 764 insigniunt,
592 701 752 762 nmquam
771 685 896 756 tamen,
914 680 1072 761 quantum
1094 696 1165 743 me-

149 793 245 871 mini,
267 794 351 859 hano
371 794 598 878 praestantiam
623 792 694 877 ipso
716 791 870 857 vocabulo
892 783 1165 884 sinapffl'fideno'·

149 911 238 989 tant·
248 905 375 977 Deinde
396 906 533 971 formrrla
550 897 697 998 ἀπαρχὴ
716 897 875 999 Χριστὸς
890 927 934 969 vs.
953 908 997 970 23
1016 911 1050 971 et
1062 904 1167 975 serbe

151 1021 180 1085 ei
205 1040 281 1084 erim
305 1020 476 1087 Particulis
499 1018 617 1091 ἔπειτα
642 1025 676 1083 et
701 1012 785 1089 εἶτα
798 1018 960 1083 substrata
980 1019 1167 1103 postulant,-

150 1139 188 1197 ut
213 1134 330 1197 ordinis
353 1138 482 1198 tannim
506 1134 597 1198 notio
622 1131 777 1197 vocabulo
796 1131 846 1195 illi
867 1130 1036 1196 tribuatur.
1059 1131 1167 1216 Ergo,

150 1246 200 1311 uti
224 1245 394 1330 primitias,
419 1247 596 1313 secundnm
621 1251 756 1310 neumae
783 1245 945 1323 ordinem,
969 1245 1084 1309 messis
1112 1264 1169 1313 ses

151 1360 274 1441 quitur,
299 1360 348 1425 ita
371 1379 502 1425 rannus
529 1378 702 1424 cameron
726 1359 787 1424 hoc
813 1380 859 1424 vs.
885 1351 1058 1454 ἀπαρχήν
1082 1358 1169 1425 dixit

150 1471 191 1535 ad
206 1475 345 1554 primum
362 1474 447 1536 illum
465 1472 723 1558 significandum,
742 1474 794 1556 qui
812 1474 889 1536 alios
905 1477 1056 1555 sequentes
1067 1491 1168 1555 prac-

150 1586 273 1650 cederet.
294 1587 394 1650 Recte
410 1587 477 1651 iam
499 1606 773 1650 euersosrouus:
795 1585 838 1656 Εἰ
859 1581 901 1656 δὲ
922 1576 1086 1676 ἀπαρχὴ,
1103 1583 1170 1656 καὶ

149 1692 299 1778 τούτους
322 1689 523 1790 ἀναστῆναι
544 1695 615 1787 δεῖ,
638 1721 775 1783 quocum
801 1699 943 1782 plerique
969 1700 1169 1782 Interpretes

150 1818 387 1876 consenserrmt.
420 1815 537 1896 Neque
573 1813 662 1876 aliud
693 1813 831 1877 suadent
866 1813 942 1891 loci,
963 1804 1011 1875 'in
1047 1810 1169 1894 quibus

152 1943 314 1988 eumerus
345 1919 570 2019 πρωτότοκος
599 1925 730 2004 dicitur,
764 1928 825 1990 Oct
856 1928 890 1990 I:
923 1927 973 1988 18.
1003 1925 1098 2008 Apro.
1131 1926 1168 1989 I:

153 2040 180 2100 5.
204 2037 412 2122 Participinm
439 2039 525 2122 quod
551 2039 668 2117 attinet
692 2040 982 2130 κεκοιμημένων,
1005 2038 1093 2102 hand
1114 2059 1169 2104 se-

152 2171 208 2214 cus
236 2150 360 2216 fallitur
389 2173 569 2230 mannus,
595 2152 651 2216 ubi
682 2173 720 2217 ex
749 2175 793 2216 vs.
820 2156 864 2216 22
889 2153 989 2237 cogit,
1016 2151 1098 2217 illud
1124 2154 1170 2217 etl

19 2352 22 2357 .
151 2284 263 2341 nance,
287 2266 339 2348 qui
361 2267 579 2344 mortetenus,
601 2265 803 2329 referendum
825 2286 906 2345 esse,
930 2286 1027 2350 quam
1049 2284 1171 2329 sarcu-

146 2396 297 2454 rruerus,
330 2378 386 2460 qui
419 2380 450 2443 ei
483 2378 654 2461 cogitando
687 2378 782 2442 adiici
815 2379 905 2443 iubet
939 2381 974 2443 ia
1006 2396 1166 2444 censere.

150 2489 336 2555 Generatim
368 2491 499 2572 quidem
532 2497 644 2555 auctor
679 2494 812 2556 homines
852 2492 1018 2576 proposuit
1057 2495 1171 2558 merlis

149 2622 251 2664 somno
280 2609 455 2685 occupatos,
481 2603 538 2668 scd
568 2624 642 2668 eum
666 2607 744 2668 solos
769 2611 927 2690 spectasse
952 2622 1088 2669 cnnrsrs
1120 2626 1170 2671 se·

151 2720 294 2792 ctatores,
316 2721 384 2779 tam
409 2737 449 2781 ex
478 2717 582 2793 omni,
609 2717 672 2781 nisi
697 2717 802 2795 fallor,
828 2718 1031 2802 praecedenti
1057 2724 1090 2782 et
1117 2738 1172 2784 se·

150 2827 262 2909 quenti
285 2829 444 2906 oratione,
465 2850 562 2912 quam
584 2851 624 2893 ex
642 2851 786 2894 connexo
804 2822 968 2922 ἀπαρχὴ,
985 2831 1174 2896 luculenter

151 2946 289 3023 apparet.
302 2941 402 3005 Dictu
417 2963 544 3025 quoque
555 2942 684 3008 difficile
697 2964 764 3007 non
779 2950 843 3022 est,
855 2944 1016 3028 quomodo
1027 2943 1172 3010 formula

150 3043 297 3144 ἀπαρχὴ
322 3054 398 3126 τῶν
422 3056 697 3147 κεκοιμημένων
720 3058 889 3122 cohaereat
917 3079 992 3122 cum
1022 3059 1174 3142 superio-

149 3164 245 3230 ribus.
270 3166 332 3230 His
357 3188 487 3252 nempe,
510 3176 548 3234 ut
573 3169 654 3235 bene
675 3170 757 3234 vidit
782 3175 991 3251 sucurrere,
1013 3192 1071 3257 per
1098 3174 1171 3258 Ap·

150 3280 341 3362 positionem
371 3282 496 3348 adieeta
525 3290 574 3348 est
602 3284 643 3348 ad
678 3305 716 3348 ea
749 3285 794 3348 sic
828 3285 1026 3370 explicanda:
1057 3291 1088 3350 el
1123 3288 1173 3350 ito

152 3393 284 3474 quidem,
312 3401 347 3456 ut
372 3398 479 3461 mortis
503 3418 606 3460 somno
631 3405 791 3480 occupatos
813 3401 995 3481 praecedat,
1020 3401 1174 3483 paracod-

151 3506 271 3568 modum
283 3509 442 3587 mattae
464 3531 593 3574 mersen.
612 3511 737 3575 Eodem
759 3511 853 3595 plane
875 3513 971 3576 modo
994 3512 1174 3597 Appositio

150 3638 243 3719 saepe
261 3618 302 3681 ad
321 3621 499 3687 orationem
515 3623 734 3707 explicandam
747 3625 895 3702 inservit,
909 3625 996 3689 utie
1016 3627 1118 3691 ram.
1136 3628 1191 3691 Ia-

152 3733 180 3794 5.
204 3731 268 3794 Iac.
292 3734 336 3795 V:
360 3736 408 3796 10.
432 3738 445 3796 l
469 3737 533 3800 Pet.
553 3738 607 3800 II:
629 3736 1121 3821 5,qu0dadm0nitaw1uau1
1142 3743 1170 3824 ¹)

151 3844 339 3929 complenda
364 3848 470 3911 notari
497 3856 644 3915 meretur.
668 3853 819 3916 Ceterum
844 3852 941 3917 huius
967 3852 1045 3930 loci,
1069 3874 1173 3937 quam

150 3958 335 4037 attulimus,
362 3960 582 4046 interpretatio
608 3964 653 4029 sic
679 3971 861 4049 comparata
887 3971 948 4043 est,
975 3971 1015 4029 ut
1042 3966 1174 4033 nullam

152 4069 373 4137 difficultatem
395 4075 497 4158 pariat
520 4078 659 4142 narratio
685 4079 979 4163 Errangelistarum,
1004 4099 1173 4145 crannum

152 4227 309 4239 *-

187 4306 209 4367 1)
227 4309 254 4357 r.
277 4312 322 4359 αι
342 4326 392 4374 sqq.
