2656 4890
439 311 709 357 :sumundum
734 310 825 355 vens.
851 295 899 357 12.
1134 295 1176 357 65

197 480 274 547 Neo
296 487 407 545 tamen
435 500 563 551 :sunus
586 480 725 545 formula
745 473 939 562 ἀνάστασις
960 486 1100 574 νεκρῶν
1122 505 1177 565 ge·

153 596 296 659 ursum
324 594 456 659 anisi:
484 596 755 672 asmoruluatem,
786 594 844 658 sed
869 594 1033 678 sigillatim
1058 596 1177 660 auum

159 713 339 773 mmmm
368 725 505 771 ennisni
535 708 669 771 reditum
692 708 727 770 ia
752 709 847 771 vitam
872 707 1045 773 denotavit.
1071 710 1176 791 Angu-

164 826 266 885 nmen
291 819 386 885 nobis
411 825 490 883 sunt
514 841 559 883 vs.
597 822 656 897 14,
690 821 834 897 17-19,
864 824 922 899 21,
953 823 1013 898 22,
1040 822 1084 884 36
1109 843 1175 904 sqq.

169 926 222 1011 ⁴2,
242 937 302 1012 43,
325 936 384 1011 44,
408 936 452 996 49
475 954 541 1016 sqq.
568 933 604 996 in
631 931 749 1016 quibus
770 934 856 997 infra
877 933 1073 1012 videbimus,
1094 934 1176 999 hano

173 1025 356 1119 Ιἆνεεένεεεσιν
394 1046 494 1110 talem
534 1046 724 1130 praedicari,
763 1052 801 1109 ut
841 1051 876 1111 in
916 1048 1001 1111 solos
1043 1047 1177 1130 quadret

177 1168 292 1225 walse:
319 1165 508 1236 sectatores,
534 1157 723 1224 beatitatem
748 1160 889 1224 melioris
916 1161 1001 1225 vitae
1025 1181 1177 1225 consecu-

174 1268 255 1339 turos.
281 1272 438 1337 Similiter
463 1271 599 1337 beatitas
630 1272 687 1335 illa
716 1272 786 1335 aliis
816 1273 852 1335 in
882 1273 960 1336 locis
989 1294 1045 1356 per
1075 1274 1177 1338 excel·

166 1374 289 1451 lentiam
321 1376 516 1465 ἀνάστασις
553 1391 700 1463 vocatur,
738 1385 788 1448 uti
825 1385 938 1449 Mattla
977 1385 1094 1450 XXII:
1133 1390 1178 1450 30

159 1510 225 1579 tqq.
258 1499 362 1565 Marc.
391 1497 477 1563 XII:
509 1501 553 1562 24
583 1521 650 1582 sqq.
681 1499 757 1562 Lae.
787 1498 866 1562 XX:
899 1501 943 1561 34
972 1521 1039 1581 sqq.
1070 1499 1177 1563 Iouna

154 1601 221 1674 XI:
255 1614 295 1676 25
327 1612 398 1677 coll.
429 1614 493 1676 VI:
526 1615 586 1691 39,
615 1617 674 1698 40,
704 1615 765 1690 44,
797 1616 848 1676 54.
879 1612 980 1675 Haud
1006 1613 1072 1676 scio
1098 1634 1177 1694 quo·

151 1737 236 1800 que,
267 1747 309 1789 an
338 1725 418 1789 haec
446 1726 538 1791 notio
566 1726 667 1791 lateat
696 1726 732 1789 in
760 1728 783 1789 2
817 1727 894 1790 um.
924 1727 976 1789 II:
1006 1729 1056 1788 18.
1082 1726 1177 1790 Hebr.

149 1831 218 1933 VI:
253 1842 281 1905 2.
298 1840 374 1913 ,sed
397 1839 468 1905 eius
490 1861 569 1903 usus
591 1845 701 1922 aperte
723 1838 876 1922 probatur
898 1840 974 1903 Lac.
997 1839 1095 1903 XIV:
1122 1841 1178 1915 14,

149 1940 209 2009 ubi
245 1952 394 2037 lmimus:
417 1943 779 2041 Ἁνταποὸσθήσεταί
803 1972 862 2022 σοι
887 1953 927 2023 ἕν
947 1954 994 2044 τῇ
1014 1945 1180 2024 avuncui-

154 2073 213 2129 ὕει.
236 2066 310 2139 τῶν
336 2059 507 2153 dacter:
532 2066 612 2129 item
635 2066 732 2128 Hebr.
758 2064 822 2129 XI:
847 2068 907 2144 35,
930 2066 986 2130 ubi
1008 2063 1179 2160 κρείττων

160 2158 350 2259 &adnm
371 2179 582 2263 distinguitur
603 2201 623 2243 a
644 2200 733 2243 mera
754 2185 963 2273 mortuorum¹
976 2179 1179 2243 revocatione

166 2283 199 2349 in
218 2291 325 2361 vitam
352 2295 429 2357 Huc
459 2294 557 2358 etiam
583 2299 730 2377 spectant
755 2292 914 2356 formulae
937 2282 961 2382 ἡ
987 2283 1179 2372 ἀνάστασις

94 2424 97 2429 ’
172 2388 244 2489 din
256 2407 395 2498 νεκρῶν
414 2406 491 2470 Lae.
509 2406 587 2471 XX:
608 2409 661 2471 35.
680 2407 750 2470 Act.
770 2408 834 2470 IV:
851 2409 874 2470 2
889 2412 923 2470 et
936 2398 960 2495 ἡ
975 2397 1180 2486 ἐξανάστα-

177 2532 221 2595 σε
233 2509 308 2609 ἡὲκ
325 2521 468 2612 νεκρῶν
486 2521 568 2584 Pu:
588 2521 659 2585 111:
679 2523 735 2597 11,
752 2541 835 2602 quae
853 2519 945 2584 auter
959 2521 1109 2604 expuam
1123 2540 1180 2585 ne-

175 2638 407 2716 quamneuam
422 2634 539 2698 reditas
553 2635 587 2696 ta
600 2636 695 2699 vitam
710 2635 838 2697 mortuis
852 2635 911 2698 :ibt
925 2637 1055 2708 relictis:
1070 2654 1180 2716 quem-

173 2741 332 2811 admodum
343 2767 437 2811 nesus
449 2747 485 2811 in
500 2747 600 2811 vitam
614 2747 747 2811 rediisse
761 2747 880 2811 dicitur
894 2748 970 2811 Lae.
986 2747 1114 2812 XXIV:
1126 2749 1179 2809 46.

166 2859 268 2927 Im
290 2859 370 2925 XX:
399 2864 429 2925 9.
455 2860 525 2924 Aa.
551 2859 599 2925 X:
622 2864 674 2924 41.
697 2860 815 2926 XVII:
840 2863 870 2924 3.
896 2864 912 2923 l
937 2862 1003 2924 Pet.
1028 2862 1061 2925 I:
1085 2862 1125 2938 3,
1148 2864 1181 2923 et

164 2992 372 3049 musanus
399 2974 475 3039 Iaso.
501 2973 600 3039 XVI:
624 2977 665 3037 31
694 2973 828 3038 divitem
848 2973 942 3037 illum
963 2974 1180 3058 repellitver-

161 3078 322 3161 boaodd'
351 3079 416 3160 aa
441 3110 493 3167 τις
518 3079 557 3158 ἐκ
577 3087 719 3181 νεκρῶν
741 3078 882 3178 ἀναστῇ
903 3079 1181 3176 πεισθήσονται,

159 3200 281 3291 quibus
303 3202 383 3267 locis
409 3223 518 3267 secum
546 3207 661 3265 mutuo
691 3200 913 3284 comparandis
943 3219 1122 3262 nonnosus
1153 3202 1179 3281 1)

158 3322 198 3403 pt
215 3335 396 3381 wmznuus
415 3318 442 3400 2)
463 3316 634 3393 vidissent,
650 3335 685 3379 se
703 3314 769 3377 vim
787 3312 1037 3396 Praepositionis
1055 3303 1096 3382 ἐκ
1109 3332 1181 3397 pro-

156 3434 286 3521 W:
308 3429 396 3514 quod
418 3429 496 3495 alibi
519 3430 589 3493 sine
612 3450 649 3494 ea
670 3428 789 3512 legitur
810 3417 1004 3505 ἀνάστασις
1024 3425 1181 3520 νεκρῶν,

152 3552 288 3633 mere
306 3564 433 3628 negare
459 3545 632 3627 Nusquam
658 3548 781 3619 autem,
813 3541 840 3603 si
870 3540 1045 3624 excipimus
1074 3539 1181 3603 Ionan.

151 3658 294 3741 Μὲςςὲβ,
320 3659 378 3740 29,
404 3649 429 3747 ἡ
455 3648 647 3737 ἀνάστασις
677 3655 719 3720 ad
747 3652 908 3739 improbos
937 3653 1089 3731 refertur,
1119 3654 1182 3716 nisi

154 3770 232 3837 Aet.
262 3767 391 3834 XXIV:
422 3772 479 3848 15,
506 3791 570 3851 quo
597 3769 632 3833 in
658 3770 744 3846 loco,
772 3768 799 3831 si
826 3766 1016 3832 vocabulum
1042 3768 1182 3857 νεκρῶν

163 3963 357 3979 *a

157 4083 278 4137 Eandem
298 4082 445 4132 sententiam
465 4082 589 4145 professus
609 4087 647 4132 est
666 4095 794 4142 nassae,
816 4081 1004 4132 Hermoneatica
1030 4081 1087 4128 cod.
1113 4081 1182 4128 Sacr.
1308 4126 1311 4132 .

155 4180 188 4230 p.
210 4163 275 4221 160,
292 4161 352 4212 item
369 4177 446 4211 nsua
463 4163 482 4210 1.
501 4176 522 4211 e.
542 4177 566 4224 p.
586 4162 643 4212 6⁰5.

156 4256 561 4339 [offlamam

199 4338 501 4441 amoma
