2656 4890
159 301 191 342 Vl
449 299 607 342 Erlsronn
633 301 678 340 Al)
704 300 875 342 WlNEllUlll.

158 466 247 550 quasi
265 484 445 529 concursus.
469 463 608 541 Deinde,
632 485 732 546 quum
750 464 860 542 libros,
886 467 926 530 ad
945 466 1028 530 hanc
1047 466 1170 530 Litora·
1212 453 1214 458 ¹

157 599 228 642 rum
240 581 405 642 Sacrarum
419 581 541 662 partem
553 577 776 641 illustrandam
788 578 997 663 compositos,
1009 579 1044 642 in
1055 580 1171 643 molem

157 711 334 756 excrescere
356 690 510 765 viderem,
534 712 553 751 a
575 710 658 752 novo
681 690 821 774 periculo
841 691 986 755 faciendo
1005 691 1097 756 valde
1117 692 1170 756 de-

156 803 303 870 terrebar.
329 804 373 866 Et
398 802 499 885 magis
521 802 685 884 magisque
708 803 788 866 mihi
815 824 1001 887 persuasum
1017 810 1080 881 est,
1103 826 1169 880 me,

157 917 367 981 annotatione
403 916 443 979 ad
473 915 606 979 selectos
636 916 733 979 huius
763 917 928 1000 Epistulae
957 917 1061 994 locos',
1092 939 1170 1000 quo-

155 1050 227 1094 rum
250 1029 452 1116 explicationi
475 1049 526 1092 me
549 1028 699 1112 prodesse
716 1051 810 1113 posse
829 1030 1012 1108 arbitrarer,
1031 1032 1169 1094 conscri-

154 1141 272 1220 benda,
303 1141 532 1226 ingravescenti
562 1142 661 1206 aetati
690 1142 804 1206 melius
835 1143 1057 1206 consulturum
1088 1164 1169 1219 esse,

155 1277 250 1338 quam
276 1255 303 1318 si
330 1254 465 1318 arduum
489 1255 681 1337 susciperem
704 1276 783 1338 opus
806 1255 989 1319 elaborandi
1011 1257 1046 1318 in
1069 1263 1171 1319 totam

153 1367 332 1452 Epistolam
362 1367 600 1431 Commentarii.
630 1370 748 1451 Itaque
777 1368 819 1432 ad
841 1369 1016 1433 editionem
1042 1376 1169 1434 tantum

154 1502 264 1565 parare
289 1480 442 1544 constitui
468 1480 625 1563 quidquid
654 1481 734 1544 mihi
762 1482 915 1566 reperisse
938 1480 1084 1568 videbar,
1107 1503 1171 1565 quo

154 1595 195 1658 ad
224 1594 416 1658 sententiam
446 1577 584 1658 auctoris
613 1594 731 1658 rectius
759 1594 1002 1678 intelligendam
1027 1595 1171 1658 conferre

154 1729 287 1792 possem.
307 1709 475 1771 Praeterea
486 1728 559 1771 vero
578 1706 642 1773 alia
659 1708 739 1773 mihi
758 1709 793 1772 in
811 1713 941 1792 promtu
960 1714 1051 1786 sunt,
1072 1730 1168 1790 quae,

155 1821 211 1884 ubi
242 1820 366 1904 singula
397 1826 542 1885 accurate
574 1820 686 1885 limare
714 1826 746 1886 et
776 1821 930 1905 perpolire
959 1821 1041 1884 mihi
1063 1822 1166 1885 conti-

155 1934 249 2018 gerit,
285 1954 323 1997 ex
357 1934 480 1998 seriniis
513 1933 547 1996 in
581 1934 686 1998 lucem
721 1955 911 2017 expromam.
947 1934 1169 1998 Honorificum

154 2049 256 2133 enim,
280 2069 343 2131 quo
366 2068 452 2110 nunc
474 2046 575 2132 fruor,
595 2049 697 2112 otium
720 2048 859 2111 otiosum
878 2067 944 2109 non
964 2068 1032 2110 esse
1050 2048 1168 2123 sinam,

154 2161 315 2244 quamdiu
338 2161 457 2243 pectori
484 2182 557 2225 meo
579 2161 715 2225 infixum
738 2159 881 2225 manebit
902 2160 983 2223 illud
1006 2180 1167 2222 ssnucnr:

154 2277 248 2338 vitam
267 2276 330 2338 siae
349 2276 445 2336 literis
465 2281 590 2336 mortem
613 2295 674 2338 csse
696 2281 725 2338 et
746 2276 807 2338 vivi
829 2275 958 2338 dominis
975 2275 1168 2355 sepulturam.

155 2386 219 2452 Sed
241 2394 278 2450 ut
301 2408 430 2451 omnem
453 2405 588 2452 cunrsrr
611 2393 801 2451 sectatorem
819 2388 963 2470 quotidie
978 2387 1090 2450 mortis
1101 2408 1167 2449 mc-

152 2500 285 2566 minisse
308 2499 414 2578 decet,
432 2500 480 2563 ita
501 2522 554 2564 me
575 2501 748 2566 senectutis
771 2500 970 2565 imbecillitas
993 2520 1082 2582 spem
1096 2500 1165 2565 lon-

153 2635 226 2698 gam
247 2613 398 2679 inchoare
419 2620 514 2677 vetat.

196 2728 251 2793 Ad
262 2727 536 2792 Commentarium
547 2747 634 2790 nunc
646 2725 844 2791 elaboratum
856 2733 1005 2802 revertor,
1017 2733 1054 2790 ut
1066 2727 1106 2789 ad
1118 2735 1163 2801 te,

157 2842 213 2907 Vir
236 2840 507 2906 Honoratissimel
528 2839 677 2917 scribam,
701 2860 784 2923 quae
806 2861 915 2904 omnes
935 2839 1068 2903 lectores
1086 2840 1165 2903 scire

152 2956 254 3038 cupio.
269 2957 445 3038 Postquam
463 2960 539 3019 ante
557 2955 773 3036 quatuoriam
784 2974 885 3016 annos
896 2953 957 3016 hoc
970 2975 1048 3036 opus
1060 2973 1165 3017 susce-

151 3089 275 3153 peram,
302 3068 478 3133 identidem
507 3068 588 3133 illud
614 3068 709 3131 variis
733 3068 773 3132 de
796 3067 900 3131 causis
922 3088 1075 3150 seponere
1092 3087 1165 3130 coa·
1206 3114 1208 3118 Α

151 3189 222 3250 ctus
248 3204 327 3246 sum.
359 3181 436 3247 'Pela
458 3202 531 3246 vero
553 3182 672 3247 iterum
695 3181 877 3263 iterumque
898 3187 1025 3264 recepta
1048 3187 1080 3243 et
1094 3185 1165 3243 tau-

153 3296 226 3361 dem
250 3301 408 3380 pertexta,
439 3316 525 3372 ecce,
556 3295 644 3360 haud
668 3317 769 3379 pauca
792 3296 822 3359 ei
847 3295 951 3359 inesse
976 3293 1055 3368 vidi,
1083 3313 1164 3374 quac

151 3410 257 3475 denuo
283 3414 419 3474 tractare
447 3430 575 3474 necesse
606 3415 697 3474 esset.
727 3410 773 3472 At
800 3428 842 3472 ne
868 3407 1061 3489 sicquidem
1083 3406 1163 3469 mihi

151 3543 275 3600 omnes,
306 3544 384 3606 quas
410 3523 471 3586 hoc
501 3523 609 3606 Caput
630 3523 787 3604 Epistulae
809 3539 911 3584 eruor
930 3520 973 3581 ad
992 3519 1164 3581 Corinthios

149 3636 262 3713 habet,
281 3636 394 3700 tollere
415 3635 508 3701 licuit
527 3634 739 3699 difficultates.
761 3637 868 3698 Immo
889 3634 1028 3715 ingenue
1049 3633 1163 3706 fateor,

150 3771 202 3814 me
230 3751 301 3833 plus
330 3751 442 3826 semel,
470 3770 570 3832 quum
599 3748 792 3813 sententiam
818 3747 971 3822 dicerem,
1001 3746 1081 3808 mihi
1103 3747 1164 3828 ipsi

149 3885 216 3930 non
238 3863 436 3929 satisfecisse.
457 3862 521 3927 Sed
543 3862 795 3945 indulgentiam,
808 3882 905 3945 quam
916 3880 1059 3924 errorum
1076 3880 1162 3922 meo-

148 3998 221 4047 rum
247 3976 443 4063 experientia
467 3966 520 4041 me
549 3976 721 4060 implorare
750 3976 855 4051 iubet,
882 3975 963 4038 mihi
991 3980 1080 4049 ate,
1104 3972 1164 4034 Vir

149 4092 405 4160 Humanissimel
429 4110 495 4155 non
525 4098 708 4155 recusatum
737 4090 777 4153 iri
803 4089 939 4154 confido
963 4090 1007 4151 Et
1028 4087 1163 4150 fortasse

148 4207 187 4276 de
216 4207 272 4287 iis,
303 4226 384 4289 quae
413 4227 433 4269 a
458 4226 510 4270 me
537 4206 654 4270 omissa
676 4205 726 4270 vel
755 4204 924 4269 commissa
942 4206 1033 4279 sunt,
1057 4200 1160 4265 lenius

147 4321 351 4397 iudicabunt,
366 4320 421 4403 qui
440 4339 493 4385 me
513 4321 614 4403 magis
627 4319 809 4397 laudandis,
823 4340 920 4400 quam
931 4315 1163 4400 reprehenden-
