2656 4890
411 296 710 348 ¹{irriserumsmrro
735 304 825 348 vaus.
850 291 900 349 34.
1119 292 1176 353 157

156 471 225 545 aul
241 466 297 563 prr}
318 465 553 565 ἁμαρτάνετε.
577 473 721 538 Verbum
742 468 888 568 ἐκνήφω
910 477 1035 560 proprio
1059 476 1100 541 de
1120 476 1181 577 ¹¹⁰7

155 586 306 651 minibus
320 586 409 663 dici,
427 589 486 669 pai
510 606 550 650 ec
569 587 713 651 elaeae
735 589 778 650 ad
798 608 830 651 se
850 589 990 666 redeant,
1013 592 1179 674 cognitum

155 706 266 764 est-'err
279 700 420 763 'hericis
441 700 494 763 Sic
512 701 675 783 Interpres
694 700 745 763 Al.
763 700 846 763 illud
864 721 992 784 quoque
1010 704 1176 787 usurpavit

163 814 236 876 (lea
260 812 396 879 lxz-ae.
419 815 433 874 1
462 813 544 875 Sam.
567 812 676 877 XXV:
697 815 749 876 27,
769 814 840 878 Iret.
864 815 897 878 I:
918 818 947 878 5.
967 814 1070 893 Alibi,
1089 817 1178 880 nulla

160 925 297 1008 'amplius
319 924 514 989 vinolentiae
536 926 661 1007 ratione
678 925 802 1003 habita,
817 927 867 990 uti
886 928 966 990 Hab.
987 930 1038 992 II:
1060 931 1115 1007 19,
1135 932 1178 993 si-

160 1039 292 1124 gnificat
305 1044 434 1102 tantum
448 1041 599 1122 evipilare.
613 1040 779 1103 Hactenus
791 1040 879 1103 haud
889 1042 973 1105 male
985 1061 1099 1104 esurus
1111 1045 1178 1107 Im·

159 1153 340 1237 perativum
361 1145 540 1248 ἐκνήψατε
562 1152 652 1216 reddi
674 1172 766 1236 posse
787 1161 899 1218 monet
920 1157 1058 1237 ertpilcte
1080 1163 1113 1220 et
1131 1178 1178 1220 ro-

161 1267 222 1330 erit
244 1272 342 1330 erere.
366 1266 431 1330 Sed
455 1266 483 1329 si
508 1266 707 1330 attendimus
733 1268 896 1350 superiora
917 1261 1097 1361 φάγωμεν
1119 1269 1179 1342 καὶ

159 1377 301 1470 71th
304 1433 316 1466 ‚
336 1398 425 1462 quae·
441 1380 503 1443 hoc
522 1379 654 1443 verbum
672 1379 812 1444 auctoris
830 1380 866 1444 in
883 1384 1071 1447 memoriam
1088 1404 1178 1448 revo-

159 1500 289 1570 carunt,
308 1498 455 1577 apparet,
470 1513 546 1557 eum
562 1494 697 1557 lectores
715 1514 790 1557 suos
809 1514 1009 1579 comparasse
1027 1518 1101 1560 cum
1118 1497 1177 1561 ho-

159 1606 316 1685 miuibus,
341 1608 398 1690 qui
427 1627 466 1671 ex
496 1606 659 1671 ebrietatis
685 1613 812 1690 torpore
838 1609 1025 1673 excitantur.
1052 1611 1178 1675 Indicio

159 1741 287 1803 quoque
305 1726 354 1785 est
372 1719 570 1785 Adverbium
589 1715 750 1807 δικαίας,
767 1721 853 1804 quod
868 1744 965 1805 quam
979 1725 1066 1788 vario
1081 1725 1177 1788 modo

159 1840 325 1918 acceptum
344 1835 401 1912 sit,
417 1834 559 1898 ostendit
578 1852 768 1897 enaonsrua
790 1835 1059 1900 Gurrsosrouus
1077 1839 1176 1902 inter-

158 1951 303 2031 pietatus
328 1953 378 2011 est
401 1944 459 2016 ent
482 1948 710 2040 συμφέροντι
733 1945 795 2016 καὶ
818 1948 1006 2042 χρησίμῳ,
1031 1953 1177 2017 similiter

159 2066 375 2123 oicuunurus
405 2065 438 2124 et
467 2078 760 2124 resonaremus,
792 2061 856 2125 Sed
885 2068 924 2127 ut
950 2065 996 2128 sic
1021 2065 1176 2149 interpre-

158 2173 259 2237 tando
280 2174 385 2238 aliena
406 2173 482 2238 huic
503 2173 659 2238 vocabulo
681 2174 773 2237 notio
794 2175 972 2257 affingitur,
991 2177 1038 2240 ita
1061 2184 1093 2241 et
1111 2179 1176 2242 vim

158 2287 228 2352 eius
257 2287 468 2372 amplificant,
499 2295 533 2351 et
560 2285 769 2369 sequentibus
797 2287 900 2370 frigus
926 2289 1093 2368 iniiciuut,
1118 2292 1175 2373 qui

157 2420 234 2465 eum
260 2420 342 2464 raas
369 2400 526 2465 scribunt:
550 2407 585 2463 ct
609 2403 744 2466 ιάαἱίίαε
767 2402 967 2480 νεανία-νεὶ
992 2424 1066 2467 cum
1092 2424 1175 2467 euo-

159 2526 231 2578 παι
244 2516 443 2596 inposterum
457 2516 535 2578 iuste
545 2517 665 2578 abtum.
679 2514 824 2580 Scribam
839 2516 909 2579 siue
918 2515 1022 2580 dubio
1036 2524 1176 2601 praestat

157 2629 206 2691 uti
229 2640 291 2710 ραν
315 2635 371 2706 est,
397 2628 447 2692 vel
466 2633 500 2690 ut
517 2634 646 2710 oportet,
674 2629 761 2711 quod
782 2649 886 2713 nuper
907 2648 1065 2706 mariano,
1089 2652 1175 2694 war-

158 2761 231 2818 ino,
251 2761 422 2804 aerisono
427 2789 437 2819 ,
458 2747 490 2806 et
507 2741 573 2804 iam
592 2761 727 2804 suusne
746 2743 880 2825 aliisque
899 2744 1088 2826 antiquioris
1107 2766 1173 2809 me-

155 2855 278 2918 moriae
299 2854 427 2938 placuit.
449 2853 513 2919 Sed
531 2875 572 2919 ne
591 2855 636 2919 sic
654 2856 783 2937 quidem
805 2856 975 2933 habemus,
995 2859 1082 2940 quod
1105 2878 1174 2922 ora-

155 2967 279 3032 tionem
312 2969 445 3031 omniuo
479 2968 623 3051 explicet.
653 2969 818 3032 Nimirum
852 2970 996 3034 Verbum
1028 2964 1174 3065 ἐκνήφω

155 3083 407 3165 quamproprie
431 3084 563 3145 homiues
588 3088 708 3164 spectet
730 3085 810 3146 vitoe
831 3084 1004 3160 dissolutae,
1028 3105 1172 3162 rruuus,

154 3213 199 3257 ne
224 3195 302 3258 haec
328 3195 434 3273 notio,
458 3200 614 3261 sectatore
636 3215 772 3259 cuasam
795 3196 943 3279 indigna,
967 3197 996 3261 ei
1018 3197 1172 3262 tribuere·

155 3312 224 3384 tur,
247 3307 364 3372 adiecit
386 3303 545 3394 δικαίως,
568 3315 665 3391 atque
687 3309 747 3386 ita,
769 3308 851 3373 illud
873 3310 1007 3393 figurate
1029 3310 1070 3373 ad
1092 3331 1173 3375 mea-

153 3427 217 3485 tem
240 3421 394 3501 referens,
416 3443 483 3486 nou
506 3423 708 3506 mallandum
730 3442 799 3487 esse
821 3421 944 3501 docuit,
967 3424 1172 3505 quemadmo-

154 3533 236 3603 dum
265 3536 370 3609 solent
399 3535 530 3615 ebriosi,
560 3537 617 3602 sed
646 3537 896 3620 quemadmodum
925 3543 1040 3618 oportet
1069 3557 1175 3602 coram

152 3649 237 3724 Deo,
252 3649 418 3730 proborum
440 3670 530 3713 more.
550 3650 705 3714 Similiter
726 3650 788 3713 hoc
805 3649 968 3713 Aduerbio
986 3672 1065 3714 usus
1084 3657 1133 3715 est
1155 3655 1169 3714 l

158 3761 259 3825 These.
288 3763 341 3827 II:
374 3765 423 3824 10.
456 3765 512 3826 itt.
535 3764 596 3826 ¹11:
626 3766 675 3826 12.
702 3764 775 3826 Iam
804 3762 941 3827 alterum
970 3769 1173 3848 praeceptum

151 3870 217 3945 καὶ
234 3867 287 3964 μὴ
305 3867 530 3968 ἁμαρτάνετε
534 3930 546 3961 ,
566 3875 652 3958 quod
671 3877 754 3940 hanc
771 3854 1068 3960 interpretationem
1086 3899 1172 3944 com-

150 3988 302 4067 mendat,
316 4008 384 4052 non
401 3988 530 4073 respicit
547 3989 588 4052 ad
607 3990 774 4072 sequentia
788 3981 976 4082 ἀγνωσίαν
989 3982 1061 4081 γὰρ
1081 3991 1173 4064 Θεοῦ

150 4122 247 4181 τινες
275 4101 417 4193 ἔχουσι,
443 4109 481 4167 ut
509 4102 676 4166 contendit
706 4122 893 4181 sensurus,
919 4124 1023 4185 neque
1048 4104 1129 4169 adeo
1154 4127 1173 4168 a

151 4215 417 4300 praecedentibus
436 4209 614 4313 ἐκνήψατε
633 4211 779 4296 δικαίως
795 4217 926 4301 pendet,
942 4223 981 4280 ut
998 4237 1073 4280 cum
1093 4239 1172 4281 nsu-

154 4349 272 4406 esnro,
301 4351 502 4408 norvanum,
531 4350 699 4393 euremaro
727 4329 949 4414 explicandum
975 4330 1029 4393 sit:
1055 4338 1087 4394 at
1113 4353 1172 4394 eoa
