2656 4890
148 306 191 366 98
428 319 696 363 ruanurnaramo
723 318 813 363 vaus.
837 301 890 361 23.

148 480 401 582 προστάγμασι
424 482 576 558 datiana
595 486 684 550 Alibi
706 494 816 552 autem
838 487 959 551 frustra
980 487 1085 551 huius
1099 507 1170 571 per-

149 602 339 668 mutationis
366 607 564 683 quaeruntur
586 593 739 685 exempla.
762 603 870 665 Immo
892 601 927 665 in
949 600 1186 667 Alexandrino.

148 719 189 789 V.
209 719 244 781 Τ.
263 715 544 799 interpretatione,
559 715 652 779 Nam.
673 715 718 779 Xe
740 717 796 792 lt,
818 716 872 791 18,
892 716 951 791 22,
970 717 1029 790 25,
1048 715 1177 779 utiam-

148 806 277 895 monuit
304 847 503 904 onanasrus,
526 834 561 893 et
586 827 708 909 ubique
732 826 887 892 vocabulo
912 819 1037 919 τάγμα
1063 846 1178 911 apum

148 945 198 1011 vel
229 944 334 1007 cuuis
363 941 569 1026 significatur.
591 943 727 1024 Itaque,
756 942 783 1005 si
808 941 963 1023 loquendi
990 963 1053 1005 usu
1079 947 1172 1007 tenne

148 1077 234 1134 mur,
259 1055 355 1121 verba
379 1055 474 1119 Pauli
499 1055 540 1126 ἐν
561 1055 614 1145 τῷ
635 1048 719 1146 ἰδίῳ
741 1046 900 1147 τάγματι
922 1053 1016 1118 aliter
1037 1054 1175 1120 reddere

148 1191 214 1235 nou
237 1190 407 1254 possumus
430 1190 528 1251 quam
550 1167 689 1233 Latinis:
713 1188 767 1231 ruo
789 1169 886 1248 ipsias
907 1170 941 1230 ia
962 1170 1096 1250 aporiae,
1120 1169 1174 1233 vel

149 1304 207 1348 suo
229 1285 325 1366 ardue
347 1284 380 1347 ia
402 1283 503 1347 classe.

193 1397 257 1463 Hie
278 1416 354 1462 vero
376 1395 405 1461 si
426 1394 595 1460 verborum
616 1394 746 1458 illorum
768 1413 880 1459 sensus
904 1400 966 1470 est,
987 1395 1093 1476 primo
1113 1394 1173 1459 ad-

148 1517 260 1595 spectu
281 1508 501 1594 improbabilis
522 1507 650 1573 videtur
671 1508 844 1584 sententia,
869 1506 1065 1572 voeabulum
1083 1509 1176 1579 ἕκα-

152 1643 235 1704 στος
264 1630 333 1689 tam
363 1623 406 1685 ad
439 1640 613 1686 cuarsruu
646 1621 850 1685 referendum
884 1641 968 1699 esse,
991 1643 1092 1705 quam
1127 1624 1177 1685 ud

151 1728 264 1815 omnen,
288 1738 342 1820 qui
363 1737 397 1800 ia
421 1737 537 1801 Christi
562 1736 768 1799 commuuione
792 1737 887 1800 vitam
912 1737 1068 1817 recepturi
1091 1743 1173 1800 suat.

152 1850 217 1917 Sed
239 1856 447 1934 argumenta,
465 1847 583 1932 quibus
605 1854 717 1913 eontra
738 1849 821 1913 hauc
843 1849 1038 1915 sententiam
1053 1848 1174 1933 dispu-

148 1964 212 2028 tari
236 1969 357 2048 potest,
383 1963 411 2029 si
436 1959 607 2046 diligenter
633 1983 765 2027 excussa
792 1968 902 2040 emt,
928 1963 1062 2027 minoris
1088 1983 1175 2047 pou÷

149 2077 234 2143 deris
253 2097 323 2141 esse
342 2076 627 2160 deprehendentur.
647 2076 794 2141 Primum
816 2076 903 2141 enim
921 2076 1093 2153 falluntur,
1112 2078 1173 2159 qui

148 2196 279 2276 putant,
297 2190 381 2255 nihil
405 2190 509 2273 magis
530 2211 550 2255 a
572 2208 731 2267 cunrsno,
755 2189 812 2272 qui
832 2189 895 2254 sihi
916 2196 1043 2254 constet
1064 2189 1172 2267 solun,

149 2304 291 2371 alienum
314 2324 396 2381 esse,
417 2325 515 2386 quam
539 2310 578 2367 ut
604 2305 733 2367 alieuius
754 2305 884 2386 apmiaie
906 2303 957 2368 vel
979 2305 1085 2369 eleseu
1105 2322 1179 2369 eore-

150 2417 288 2495 dicatum
311 2416 472 2499 siquidem
496 2416 570 2481 talis
596 2437 663 2481 non
689 2437 757 2481 esse
780 2417 898 2481 dieitur
920 2417 962 2481 ad
984 2417 1194 2500 significan.

150 2530 241 2607 dum,
269 2549 343 2594 eum
370 2529 484 2594 eodem
513 2529 549 2592 in
577 2529 649 2594 loeo
678 2531 796 2595 versari
822 2553 897 2598 eum
923 2528 1084 2614 pluribus,
1111 2532 1212 2614 quis

150 2644 179 2708 ei
195 2664 296 2728 pares
321 2648 380 2707 aut
401 2642 549 2726 aequales
573 2644 652 2722 sint3
676 2644 732 2708 sed
755 2645 796 2708 ad
818 2666 892 2709 eum
913 2645 1179 2728 comparandum.

149 2778 223 2827 oum
248 2756 296 2823 rei
320 2756 468 2821 militaris
493 2756 690 2840 principibus
712 2758 763 2821 vel
783 2757 1174 2842 imperatoribus‚-qui.u

149 2869 360 2936 multitudine
385 2869 542 2952 distingui
567 2869 714 2935 debeant.
738 2873 810 2935 Hoo
837 2870 899 2935 sihi
920 2872 1062 2937 voluisse
1080 2891 1193 2935 enus..

123 3040 126 3045 .
151 3003 236 3060 tun,
256 2982 421 3067 perspicue
438 2983 585 3047 indicant
602 2983 697 3049 verba
719 2984 880 3068 adscripta
900 2974 1192 3077 ἀπαρχὴ-Χρὴ,-

149 3088 245 3183 onds,
268 3095 398 3179 quibus,
421 3117 617 3179 quamquam
639 3097 813 3180 imaginem
836 3097 991 3182 praebent
1012 3097 1192 3180 quotam..

149 3211 246 3275 modo
273 3209 429 3275 diversam
455 3210 496 3277 ab
522 3231 573 3288 ea,
597 3232 680 3294 quae
706 3211 861 3295 superiori
887 3204 1047 3304 w'pproua
1068 3211 1185 3290 mesa·

151 3344 312 3387 cunrsrus
338 3330 447 3388 tamen
472 3325 609 3389 refertur
634 3325 676 3388 ad
701 3327 825 3388 classem
842 3326 1184 3407 primitiarum,;-pnna

151 3443 250 3502 cetera
272 3439 540 3520 montemaltum
565 3440 619 3503 Ne
641 3439 712 3520 quis
736 3444 846 3503 autem
868 3438 1069 3507 vocabulum.
1083 3438 1193 3511 dieue.

150 3570 231 3629 στος
256 3550 497 3615 incommodum
523 3572 592 3615 esse
617 3550 684 3614 aiat
714 3551 754 3614 ad
784 3574 886 3615 unum
916 3551 957 3615 ab
987 3551 1089 3627 altero
1120 3553 1179 3632 vel

149 3662 295 3748 prunus
325 3642 603 3746 rumpentem,
631 3663 818 3729 evolvantur
843 3667 930 3729 aaa.
961 3665 1059 3729 riu:
1083 3668 1136 3731 a„
1154 3669 1193 3733 1,-

152 3777 222 3840 Gor.
247 3777 330 3840 VII:
351 3778 408 3853 24,
428 3776 508 3840 item
527 3779 598 3841 III:
618 3779 653 3854 8,
672 3777 729 3841 ubi
748 3797 881 3841 rannus.
902 3784 934 3841 et
957 3797 1106 3843 araneos
1125 3798 1184 3849 σοι

149 3890 289 3954 maxime
312 3889 514 3953 denotantur.
534 3889 661 3955 Deinde
679 3891 818 3955 formula
839 3883 989 3985 ἀπαρχὴ
1005 3883 1194 3982 ,Χριστόςι

150 4003 328 4068 orationem
349 4001 472 4081 turbat,
491 4003 554 4067 nisi
577 4003 732 4069 vocabulo
754 4006 899 4084 sauawg
916 4005 985 4089 ipse
1004 4024 1181 4075 crannus»

149 4138 215 4178 una
239 4137 314 4179 oum
340 4116 549 4181 sectatoribus
573 4117 641 4181 eius
664 4117 953 4202 comprehenditur.
977 4120 1062 4182 Tum
1084 4118 1174 4183 inter

149 4231 227 4293 haec
257 4228 322 4292 duo
347 4221 494 4324 ἀπαρχὴ
522 4222 679 4321 Χριστὸς
705 4237 737 4294 et
766 4229 883 4302 {heren
913 4229 948 4301 οἱ
973 4234 1040 4303 τοῦ
1068 4233 1173 4323 Χρι-

149 4346 253 4427 στοῦ,
272 4343 307 4406 in
330 4343 446 4424 quibus
466 4345 618 4427 temporis
638 4345 784 4426 gradatio
804 4346 960 4423 cernitur,
981 4345 1098 4413 arctior
1111 4346 1172 4409 in-
