2656 4890
374 295 643 343 snnanrnnrsrro
667 297 756 341 vens.
780 280 836 357 36,
860 281 911 343 37.
1090 284 1150 345 167

124 482 236 535 ,εμπ-,ι
249 465 294 539 lllt
319 484 415 531 nemo
439 485 517 529 sane
542 463 734 542 dubitasset,
760 467 837 550 quin
864 467 925 533 hoe
946 467 994 533 illi
1017 470 1149 536 omnino

128 576 375 661 praeferendum
399 583 497 656 esset,
513 578 542 643 si
557 579 628 643 Viri
643 580 741 647 Docti
755 580 1067 661 animadvertissent,
1081 603 1149 649 ver-

110 688 219 763 silaw
249 690 308 768 86,
334 692 376 755 37
397 697 430 755 et
448 693 492 755 38
510 713 609 756 unam
627 697 756 757 tantum
768 693 927 759 contineri
941 697 1148 775 sententiam,

128 803 226 885 errius
235 804 389 869 -Protnsis
416 811 522 869 exstat
546 826 606 869 uss.
631 807 675 869 36
701 813 736 871 et
757 809 817 886 37,
839 827 907 871 non
927 809 1070 888 Puncta,
1093 811 1149 877 sed

129 915 212 981 colo
227 915 481 1001 distinguendis,
497 917 657 1002 Apodosie
675 941 719 983 vs.
739 922 791 984 38.
808 921 881 986 Hoc
895 940 969 986 vero
984 928 1149 1009 propterea

129 1049 196 1095 non
224 1029 537 1108 animadverterunt,
567 1032 655 1115 quod
684 1031 725 1097 de
752 1035 923 1099 minibus
951 1037 985 1099 ia
1013 1039 1149 1120 sepulcro

128 1144 258 1209 conditis
292 1143 514 1229 quaestionem
552 1145 604 1230 agi
630 1145 860 1229 opinabantur,
887 1148 1021 1214 eandem
1047 1150 1147 1221 intes-

128 1256 277 1340 ptetandi
290 1257 379 1321 -viam
396 1257 531 1341 ingressi
549 1277 587 1322 ao
606 1277 862 1339 sueonosrrns,
881 1261 937 1343 qui
956 1263 1149 1347 Apostolum

128 1368 289 1435 dieentem
307 1368 398 1439 feeit:
428 1370 542 1443 Blae
570 1363 632 1452 τὰς
650 1365 806 1453 αὔλακας
820 1374 1051 1464 μιμουμένας
1065 1371 1149 1456 τούς

126 1474 282 1575 remove,
307 1479 369 1555 καὶ
396 1476 439 1556 τὰ
467 1484 656 1577 σπέρματα
679 1479 901 1576 θαπτόμενα
925 1480 974 1569 ὡς
998 1480 1044 1559 ταὶ
1068 1482 1148 1561 σαί-

128 1617 246 1684 ματα..
268 1597 370 1681 Atqui
399 1616 466 1663 non
496 1599 623 1682 scalpsit
650 1599 718 1665 ille:
752 1591 817 1672 ἐὰν
846 1593 900 1692 μὴ
929 1602 1043 1695 ταφῇ,
1076 1603 1148 1680 sed,

127 1709 199 1774 sine
228 1710 295 1773 ulle
323 1713 497 1793 sepulturas
535 1712 746 1796 eoginnone,
775 1707 842 1786 ἐὰν
869 1707 922 1805 μὴ
958 1707 1146 1808 ἀποθάνῃ.

128 1823 216 1907 Ergo
247 1824 533 1891 eontradiotionem
568 1827 763 1910 propositam
791 1828 935 1895 refellere
975 1828 1148 1914 insipiens,

127 1938 253 2003 anetori
278 1916 584 2022 eius'iusipientiam
601 1961 695 2005 suam
712 1940 898 2024 exprobrat,
916 1942 993 2024 quia
1011 1963 1078 2007 non
1096 1943 1146 2007 in·
1166 1958 1173 1968 ·

127 2051 246 2136 telligit
266 2050 316 2130 id,
335 2052 423 2139 quod
445 2052 480 2117 in
502 2073 608 2117 rerum
630 2058 746 2117 natura
763 2059 840 2129 aute
870 2054 981 2119 oculos
1010 2055 1146 2121 colloca-

125 2170 194 2242 tur,
217 2186 319 2247 qutun
336 2186 375 2230 ex
393 2165 517 2231 semine
534 2172 638 2231 terrae
655 2165 935 2250 mendatotruges
954 2189 1020 2233 non
1038 2168 1144 2233 orian-

126 2286 196 2357 tsss,
226 2276 290 2342 nisi
323 2283 420 2349 antea
452 2278 698 2349 dissolutionem
726 2279 868 2359 salierit.
887 2281 1009 2357 ¹,Huius
1037 2287 1147 2345 autem

124 2389 258 2459 seminis
294 2411 431 2457 euersor
467 2397 639 2458 seotatores
676 2392 1005 2487 similet-,.³'effl,¹.2vult‚
1029 2394 1147 2479 quippe

124 2505 183 2588 qui
204 2505 287 2571 mori
304 2503 458 2582 debeant,
476 2512 515 2571 ut
533 2506 619 2572 vitae
635 2506 777 2575 melioris
794 2507 971 2592 participes
985 2507 1054 2591 fieri
1072 2529 1146 2593 pns-

124 2618 201 2688 nist.
228 2617 449 2685 Robbinorum
473 2618 549 2698 loui,
577 2641 598 2683 a
622 2638 814 2685 unnsunuuo
838 2620 944 2703 allati,
966 2621 1002 2685 in
1027 2620 1145 2705 quibus

122 2750 258 2816 eorpna
291 2732 327 2797 in
360 2732 459 2801 vitam
492 2732 635 2801 reditura
663 2754 740 2799 cnm
759 2733 888 2803 semine¹
903 2739 1144 2818 comparantur,

122 2844 212 2933 lenud
229 2845 371 2911 multum
388 2845 501 2915 iuvant
518 2845 561 2910 ad
578 2864 682 2911 runnu
698 2846 877 2928 orationem
889 2846 1123 2913 illustrandam.

132 2994 149 3001 ··
166 2958 357 3023 Sententiae
384 2978 463 3023 suae
492 2959 643 3025 Protasin
671 2965 783 3024 ouetm·
812 2979 899 3027 nuno
927 2960 974 3024 sio
995 2959 1144 3025 absolvit:

122 3062 245 3141 Kal-t*
268 3068 432 3166 σπείρεις,
452 3063 505 3144 ὀὐ
522 3065 564 3146 τὸ
584 3065 750 3164 σώματὰ
768 3065 1021 3164 γενησόμενον
1042 3069 1147 3152 σπεί-

114 3206 208 3274 oue,
224 3175 316 3256 ἄλλα
335 3177 485 3278 γυμνὸν
506 3178 658 3272 κόκκον,
677 3179 846 3277 εἰτύχοι,
865 3183 986 3271 σίτου,
1004 3178 1030 3275 ἥ
1046 3208 1145 3266 τινος

44 3342 49 3353 -
119 3297 200 3368 τῶν
232 3298 379 3371 λοιπῶν.
415 3299 705 3385 Inpedimentum‚
735 3300 770 3364 in
803 3298 959 3384 principio
990 3299 1143 3365 orationis

117 3409 319 3495 antepedes
341 3412 497 3496 positum,
519 3413 663 3498 plerique
686 3415 897 3496 Interpretes,
920 3432 957 3477 ao
975 3411 1004 3476 si
1016 3412 1143 3478 nullum

106 3531 222 3603 esset,
244 3525 472 3599 transilierunt.
496 3526 595 3592 Quod
612 3526 847 3612 reprehendens
866 3544 1015 3589 unumne
1035 3524 1143 3591 omnia

122 3637 177 3701 via
205 3643 239 3703 et
267 3638 391 3704 ratione
420 3641 590 3723 procedere
618 3640 761 3719 monuit,
789 3639 966 3704 dummodo
992 3631 1142 3707 unumst*

119 3750 159 3815 in
188 3749 253 3817 duo
282 3746 319 3823 εἴ
344 3775 394 3831 τι,
420 3753 470 3818 vel
496 3755 655 3837 posterius
679 3750 828 3847 σπείρεις
853 3753 888 3817 in
913 3744 1011 3824 ἐστὶν
1035 3757 1141 3828 mute-

121 3870 184 3928 tur.
206 3864 388 3932 Difficultas
407 3887 536 3950 quoque
554 3867 733 3946 tolleretur,
752 3868 780 3931 si
799 3865 976 3931 doleremus
1000 3866 1141 3949 Recepta

120 3968 320 4069 ὃσπείρεις.
345 3979 411 4044 Sed
433 3979 519 4062 quis,
542 3980 577 4043 in
599 3980 694 4064 pleno
716 3978 870 4044 librorum
893 3999 1067 4055 consensu,
1090 4000 1140 4042 as-

124 4110 269 4156 severare
287 4091 387 4171 ausit,
407 4093 493 4156 humo
512 4092 618 4156 locum
638 4092 845 4177 depravatum
864 4092 951 4157 esse?
973 4090 1141 4155 Sententia

127 4224 306 4282 nsrsunru,
337 4226 433 4288 quem
461 4225 605 4271 rasurus
628 4207 814 4290 praecessit,
837 4207 1020 4270 Pronomen
1042 4204 1141 4289 expli-

124 4317 263 4381 candum
294 4339 361 4383 esse
385 4319 521 4384 formula
544 4320 662 4384 Latina
684 4321 765 4402 qaod
785 4321 905 4397 sitisset,
927 4318 956 4382 si
977 4317 1060 4382 forte
1083 4318 1140 4382 ali-
