2656 4890
200 283 240 344 12·
612 304 799 348 1uru01roa

196 473 418 554 provocantes,
448 475 568 535 certam
593 469 757 536 beatitatis
779 471 909 536 futurae
932 493 1022 556 spem
1045 480 1078 539 et
1100 496 1211 560 exope-

194 582 504 649 otationemxanimis
525 583 709 648 inficerent·

185 730 188 736 ·
240 695 328 759 Huic
364 695 471 780 Capiti
501 717 592 761 suam
622 696 812 761 divisionem
840 696 992 762 tribuisse
1021 705 1120 783 puto,
1151 701 1210 782 qui

196 807 278 872 illud
299 830 373 874 oum
396 829 536 873 oocouro
560 811 585 893 ¹)
610 809 809 894 tripartitum
831 809 982 874 facerent.
1005 812 1115 875 Prima
1136 830 1212 896 pars

119 955 121 960 ·
193 920 325 988 inservit
346 922 388 987 ad
407 922 548 988 reditum
568 927 762 987 sectatorum
785 941 920 986 ouursrr
941 923 978 985 in
995 924 1095 987 vitam
1107 945 1201 1008 argu-

196 1036 313 1104 mentis
351 1035 559 1121 probandum.
600 1037 643 1099 In
676 1037 774 1100 altera
806 1035 1094 1115 contradictiones,
1131 1058 1211 1119 quas

197 1155 309 1214 auctor
329 1148 390 1214 sihi
413 1149 531 1235 opponi
550 1148 659 1227 finxit,
681 1148 872 1213 refutantur.
900 1150 1003 1212 Tertia
1025 1154 1058 1214 et
1077 1133 1207 1232 quideru

197 1261 381 1328 brevissima
397 1263 448 1341 id,
460 1261 547 1347 quod
558 1261 758 1346 disputatum
769 1267 831 1339 est,
844 1261 885 1325 ad
895 1261 1052 1326 lectorum
1063 1261 1208 1325 animum

198 1382 232 1442 et
259 1376 358 1441 vitam
383 1357 529 1461 applicat.
551 1377 622 1440 Neo
643 1374 740 1458 longe
758 1361 835 1438 hiae
858 1374 1042 1453 diooeduut,
1066 1375 1207 1457 quicum

197 1509 319 1554 tanum
348 1490 410 1553 hoo
439 1489 546 1573 Caput
574 1487 698 1553 duabus
720 1493 865 1552 constare
887 1493 1021 1551 monent
1043 1486 1202 1572 partibus,

191 1624 276 1687 ,quaa
302 1603 461 1689 peroratio
485 1608 645 1685 sequatur.
665 1600 730 1666 Sed
740 1606 879 1684 quatuor
895 1600 1053 1685 partibus,
1073 1621 1208 1684 quarum

197 1716 300 1801 prima
320 1737 381 1780 vos.
401 1717 506 1779 1—11
527 1715 743 1792 contineatur,
762 1719 801 1779 ut
818 1734 943 1776 aarum
962 1717 1002 1798 ²),
1021 1733 1208 1776 uosvaumo

198 1828 332 1912 aliisque
367 1826 501 1914 placuit,
531 1827 727 1906 statuentia·
746 1840 778 1891 'a
807 1848 846 1892 so
871 1832 988 1891 mutuo
1015 1827 1208 1906 avelluntur,

199 1962 281 2025 quae
317 1941 360 2006 ad
392 1963 491 2006 unam
522 1939 833 2027 argumentationem
860 1939 1103 2026 proponendam
1130 1961 1207 2005 oon-

197 2055 308 2120 iunota
329 2058 413 2120 sunt.
1112 2067 1114 2070 ⁴

230 2270 253 2330 ¹)
270 2269 331 2332 Opp.
354 2271 423 2319 Tom.
451 2271 494 2318 IV.
517 2285 542 2331 p.
567 2267 614 2318 719
632 2274 685 2331 sqq'.
705 2247 869 2316 Paulo‘aliter
886 2277 1027 2324 cauturus,
1048 2265 1110 2327 Opp.
1130 2263 1201 2312 Omra.

198 2349 243 2398 fol,
261 2350 310 2398 310
327 2362 381 2412 sqq.

213 2524 217 2535 Ι
234 2452 256 2512 ²)
276 2451 448 2527 Commentarii
464 2453 491 2500 in
507 2466 588 2500 omues
605 2450 710 2512 apator.
729 2451 762 2498 D.
781 2450 854 2498 Pauli
868 2448 899 2496 ad
916 2447 941 2496 h.
958 2448 976 2496 l.
