2656 4890
200 294 245 373 48
493 311 761 359 innuerunniuso
786 311 882 357 vous
905 295 935 355 8.

199 471 324 569 μάμοί,
366 480 438 545 Iun
461 479 683 547 -Vocabulum
721 478 894 570 ioxutor
915 479 1124 553 Adiectivum
1155 500 1229 567 non

203 613 289 671 esse,
317 599 355 656 ut
382 596 539 676 putarunt
566 612 849 672 cuansosmm,
875 611 1090 658 oncuunusus
1106 592 1229 663 mulo>

201 726 266 794 que
294 705 367 784 alii,
397 705 475 770 hinc
503 705 714 790 intelligitur,
741 705 832 790 quod
852 707 1008 791 scriptum
1029 727 1098 773 non
1119 713 1170 775 est
1190 707 1230 771 in

202 820 323 885 Dativo
355 809 514 911 ἐσχάτῳ,
548 819 590 883 ad
623 821 807 885 Pronomen
840 815 923 910 ἐμοὶ
956 819 1139 899 referendo,
1169 819 1230 887 sed

199 933 415 1011 Accusativus
436 934 472 997 in
495 954 533 999 eo
556 933 717 1012 comitur,
743 934 800 1018 qui
822 933 991 999 notionem
1012 933 1136 1018 occepit
1156 933 1229 1001 Ad·

202 1047 302 1113 verbii
328 1051 362 1112 et
387 1047 544 1112 hactenus
568 1048 604 1110 in
630 1047 713 1111 illud
738 1047 881 1125 transiit,
907 1047 1006 1111 utin
1029 1048 1229 1113 caecorum

201 1160 292 1225 libris
318 1180 414 1245 saepe
439 1160 563 1224 factum
587 1160 736 1224 novimus
760 1164 797 1243 ¹).
821 1162 938 1244 Neque
959 1159 1022 1227 hoc
1043 1165 1153 1226 tamon
1173 1180 1229 1237 ost·

202 1274 244 1338 tis
262 1272 467 1338 commendat
485 1293 607 1337 wunnn
626 1274 860 1352 coniecturam,
883 1272 924 1337 ah
945 1291 1117 1339 osmunuo
1136 1273 1229 1339 hund

201 1395 322 1466 temere
349 1386 579 1471 improbatam,
611 1407 748 1469 sequens
773 1379 924 1459 πάντων
950 1389 1115 1452 Neutrum
1135 1406 1227 1466 esse,

202 1500 290 1584 quod
313 1500 491 1565 arctissime
519 1521 594 1564 cum
615 1499 672 1564 illo
695 1501 843 1565 connecti
866 1499 982 1565 debeat
1003 1501 1046 1565 ad
1066 1500 1134 1564 vim
1155 1501 1228 1567 eiius

200 1615 248 1679 ita
269 1613 464 1698 augendam:
489 1615 623 1677 umatum
640 1619 844 1696 postremam,
868 1635 1015 1680 sermono
1037 1612 1226 1679 vernaculo:

201 1731 250 1792 aet
280 1729 456 1792 auulsum.
486 1728 574 1791 Nem
600 1748 644 1790 vs.
673 1730 716 1790 10
740 1727 946 1792 Adiectivum
970 1719 1228 1819 περισσότερον

201 1841 314 1912 itidem
341 1842 510 1905 notionem
534 1839 688 1905 Aduerbii
711 1842 850 1926 accepit,
879 1861 976 1906 nemo
997 1861 1073 1905 vero
1095 1839 1228 1907 ‹lubitu-

200 1954 268 2032 bit,
295 1955 375 2038 quin
403 1954 584 2019 subiectum
611 1947 763 2027 πάντων
789 1954 1010 2019 Masculinum
1039 1952 1228 2025 habendum

201 2069 252 2135 sit
288 2067 443 2133 Similiter
472 2068 585 2131 Muta.
617 2067 735 2133 XXII:
767 2070 809 2131 27
844 2075 891 2146 et,
927 2047 1105 2132 secundum
1136 2066 1228 2135 uuit.

202 2182 277 2247 Rcc.
308 2182 384 2245 Luc.
414 2180 490 2245 XX:
521 2183 584 2258 32,
614 2180 671 2244 ubi
704 2181 841 2264 legimus
868 2173 1023 2274 ὕστερον
1052 2173 1229 2268 πάντων,

200 2301 300 2378 atque
329 2294 428 2361 etiam
457 2295 562 2358 Mure.
591 2294 678 2358 XII:
708 2297 769 2372 22,
794 2295 863 2360 sive
889 2294 930 2360 ab
959 2301 1091 2359 auctore
1113 2294 1229 2380 -prol'e-

202 2413 292 2474 otum
328 2414 378 2474 est
409 2399 545 2499 ἐσχάτη
577 2400 748 2493 πάντων,
781 2428 840 2472 seu
873 2407 1030 2499 itxocos
1062 2399 1229 2481 πάντων.

200 2521 296 2589 Alius
325 2521 450 2606 generis
480 2528 547 2599 est,
578 2521 683 2604 quod,
714 2520 893 2589 secundum
923 2540 1228 2589 mscnauoounmu

201 2635 365 2719 aliosque,
406 2640 512 2701 exstet
545 2635 649 2699 More.
684 2635 772 2699 XII:
816 2637 876 2700 29:
915 2627 1041 2727 πρώτη
1073 2627 1230 2709 πάντων

200 2742 344 2839 ἐντολή,
382 2748 439 2814 ubi
476 2748 637 2815 Adiectivi
674 2749 842 2813 notionem
879 2750 999 2814 retinet
1033 2748 1230 2816 vocabulum

201 2854 326 2955 πρώτη
367 2883 439 2926 cum
484 2861 693 2927 Substantivo
733 2855 861 2951 ἐντολή
903 2863 1133 2948 compositum
1176 2865 1229 2933 uti

202 2974 370 3041 dissimilia
396 2982 473 3040 sunt
497 2975 594 3042 verba
620 2995 784 3041 nnsnoms
809 2967 960 3049 πάντων
982 2969 1156 3066 μάλιστα,
1180 2977 1229 3043 ed

202 3111 285 3174 quae
304 3108 452 3154 nunnius
471 3088 570 3155 etism
588 3096 749 3174 provocat.
771 3090 836 3155 Sed
855 3091 938 3155 siin
957 3104 1059 3155 usum
1080 3089 1229 3157 oratione

201 3204 407 3270 Adiectivum
437 3195 589 3276 πάντων
618 3204 793 3269 Masculini
816 3203 942 3288 generis
964 3209 1032 3282 est,
1058 3203 1137 3271 inde
1157 3222 1228 3271 non

202 3318 361 3400 sequitur,
393 3339 431 3383 eo
460 3339 560 3384 umnec
585 3323 729 3396 tantum,
742 3305 745 3312 ’
760 3324 798 3381 ut
829 3337 973 3380 unisono
1003 3317 1123 3401 placet,
1153 3338 1227 3402 spe-

202 3433 281 3496 ctari
316 3432 490 3514 Apostolos,
525 3455 568 3496 vs.
605 3435 623 3494 7
659 3438 861 3496 memoratos.
894 3431 992 3496 Quod
1022 3430 1083 3494 sibi
1113 3429 1228 3495 volens

202 3551 331 3622 auctor,
363 3546 557 3629 scripturus,
588 3546 651 3608 nisi
681 3544 794 3622 fallor,
821 3544 937 3609 fuisset
958 3537 1110 3615 πάντων
1130 3538 1228 3615 τού-

201 3680 286 3730 των.
335 3660 452 3741 Neque
501 3663 558 3721 aut
607 3663 795 3741 sequentem
839 3658 1025 3723 Articulum
1067 3659 1121 3753 uqi
1168 3634 1228 3727 uit

201 3764 339 3840 verbosi
367 3764 551 3863 ἐλάχιστος
575 3772 652 3842 τῶν
677 3763 891 3844 ἀποστόλων
916 3795 959 3836 vs·
986 3775 1008 3835 9
1033 3758 1139 3855 legem
1163 3790 1227 3837 11⁰-

202 3885 251 3950 bis
276 3885 441 3970 imponere
467 3885 564 3949 huius
590 3884 736 3950 vocabuli
762 3887 810 3950 ita
839 3885 1069 3970 restringendi,
1099 3882 1226 3981 videbi-

202 4022 273 4065 mus
306 3999 399 4064 infra.
434 4002 532 4067 Nunc
570 4021 676 4078 sum0,
715 4007 858 4065 mentem
892 3999 985 4064 Pauli
1019 3999 1103 4063 hanc
1137 3978 1224 4063 esse.

239 4376 261 4439 ¹)
279 4374 319 4424 cf.
337 4390 501 4425 nnnuusun.
520 4390 545 4439 p.
560 4328 615 4426 ἱ108
631 4391 684 4438 sqq.
704 4390 861 4425 usnnnmu.
879 4390 904 4435 p.
925 4375 989 4424 1000
1007 4389 1061 4437 sqq.
1191 4404 1194 4409 -
