2656 4890
435 285 702 331 rurssrsararro
728 289 818 331 vrrs.
842 246 893 332 ³24
1115 271 1175 332 107

157 461 250 534 hant,
274 465 312 521 ut
337 457 441 520 oratio
461 457 645 521 cohaereret
667 477 741 520 curn
764 457 971 539 sequentibus
993 452 1085 528 ὅταν
1106 481 1177 529 κα-

156 564 320 666 ταργήσῃ
334 578 394 636 ete
410 571 466 635 sed
481 571 579 634 etiam
594 571 669 653 quia
683 592 750 633 uon
764 570 999 654 intelligebant,
1014 573 1177 654 quomodo

156 686 379 772 praeredeutia
400 686 545 764 ἕκαστος
566 679 608 754 δὲ
631 691 690 748 ete.
710 686 864 749 Praesens
883 681 1078 778 παραδιδῷ
1095 686 1177 752 ferre

156 805 297 886 possent.
317 799 505 884 optativus,
526 819 622 880 quern
646 817 875 862 recursurus
896 804 929 862 et
949 818 1176 863 assensuros-

158 913 452 998 sruspraeserunt,
472 933 532 976 nee
550 933 680 995 prorsus
697 912 821 995 respuit
839 931 1025 990 osrssnra,
1041 914 1124 978 hane
1141 915 1176 977 in

157 1029 337 1094 mationem
347 1049 416 1089 non
428 1026 570 1108 quadrat.
579 1025 705 1089 Indicio
717 1033 827 1089 autem
838 1025 891 1088 hie
902 1026 992 1090 loeus
1003 1034 1069 1104 est,
1078 1048 1176 1110 quam

156 1143 255 1224 longe
275 1163 296 1204 a
317 1141 369 1204 via
391 1139 577 1216 deflectant,
597 1140 652 1222 qui
675 1159 815 1202 raanan
837 1139 898 1202 hoe
920 1139 955 1201 in
977 1139 1092 1223 Capite
1114 1140 1176 1204 fre·

156 1264 295 1340 quenter
319 1252 485 1330 Praesenti
508 1275 603 1317 usum
625 1273 694 1316 esse
716 1253 902 1336 opinentur,
925 1259 964 1316 ut
990 1253 1175 1316 corinthios

158 1370 304 1445 dooeret,
314 1367 456 1432 reditum
470 1357 504 1429 i'n
518 1367 618 1428 vitam
632 1372 768 1429 mortem
783 1366 938 1428 contiuuo
953 1367 1052 1449 sequi.
1069 1369 1176 1431 Immo

156 1490 198 1547 ut
209 1482 375 1547 Praesenti
384 1474 597 1571 παραδιδῷ,
610 1480 656 1544 sie
667 1479 764 1543 etiarn
775 1479 903 1556 ceteris,
913 1479 1075 1555 ⁴futurum,
1089 1481 1176 1563 quod

155 1602 246 1662 eerto
262 1595 476 1660 consumtum
494 1599 559 1671 est,
574 1600 728 1676 tanquam
747 1599 824 1658 ente
842 1594 952 1657 oeulos
967 1595 1105 1677 ponitur.
1121 1596 1173 1660 Si-

156 1709 278 1774 militer
300 1711 455 1772 Praesens
478 1708 684 1772 Coniunetivi
707 1707 903 1772 Particulam
920 1702 1012 1779 ὅταν
1031 1710 1176 1791 sequitur

156 1825 272 1898 Mara.
295 1822 423 1886 xxva
449 1825 500 1885 29.
524 1823 626 1884 Μαι.
650 1821 746 1885 xrv÷
772 1824 822 1884 25.
848 1823 953 1884 roam.
978 1824 1062 1886 vn:
1083 1826 1135 1887 ιι.
1156 1827 1173 1886 1
1216 1803 1217 1806 ‘

157 1938 231 2003 Gor.
251 1937 348 2001 XIV:
368 1937 421 2001 26.

203 2050 374 2116 Formulae
384 2040 453 2139 τὴν
463 2046 650 2138 βασιλείαν
664 2050 731 2118 τοῦ
749 2049 842 2118 θεοῦ
856 2048 994 2112 alienam
1009 2051 1176 2115 notionem

155 2165 321 2241 taibrumt,
338 2164 393 2247 qui
411 2164 605 2227 adversatos
622 2164 682 2225 Dei
697 2163 840 2238 deletos,
856 2162 906 2223 uti
922 2181 1101 2240 srorsrus,
1118 2174 1175 2228 aut

154 2298 286 2361 repausa
295 2278 496 2353 Iudaeorum,
505 2277 553 2340 uti
561 2281 733 2352 serenus,
741 2274 877 2358 intelligi
888 2273 1009 2339 iubent.
1018 2277 1060 2340 In
1072 2279 1175 2340 omni·

154 2392 219 2456 bus
238 2392 324 2456 enim
342 2391 438 2468 loeis,
452 2391 487 2453 in
503 2390 619 2472 quibus
633 2382 656 2479 ἡ
671 2385 833 2478 βασιλεία
847 2389 980 2472 legitur,
996 2391 1046 2453 uti
1062 2391 1174 2454 Metto.

155 2507 287 2570 1V223.
302 2504 406 2569 XIII:
423 2507 471 2567 19.
484 2504 610 2570 XXIV:
627 2507 675 2567 14.
688 2505 763 2567 Lus.
779 2503 863 2569 XII:
877 2507 934 2581 32,
950 2496 1023 2574 κατ’
1040 2499 1175 2596 ἐξοχήν

154 2619 331 2684 denotatur
349 2639 489 2701 raparum,
510 2618 597 2701 quod
616 2617 712 2700 vulgo
731 2617 850 2681 dieitur
867 2619 1014 2681 Memora
1032 2639 1089 2682 seu
1108 2624 1175 2690 τοῦ

159 2733 266 2819 θεοῦ,
281 2741 315 2798 et
329 2734 422 2798 euius
437 2733 583 2816 princeps
598 2751 761 2794 caarsrus
777 2737 833 2794 est.
851 2733 936 2807 Nee,
951 2752 1017 2812 quo
1033 2753 1068 2794 se
1082 2737 1173 2796 tuea-

157 2855 226 2925 tur,
241 2847 339 2912 habet
354 2867 475 2910 asserir
488 2847 666 2924 sententia,
678 2866 805 2929 requam
819 2845 991 2928 significari
1005 2848 1092 2928 repsi
1106 2849 1174 2910 mil·
1266 2857 1268 2861 ’

152 2963 269 3024 leserit
282 2961 505 3044 Apoeoljpseos
518 2962 623 3024 omae.
634 2960 715 3024 Sine
730 2958 827 3023 dubio
842 2959 990 3043 Apostoli
1005 2966 1081 3025 ante
1096 2982 1172 3024 oeu-

153 3075 205 3138 los
227 3075 430 3139 obversatum
452 3082 501 3139 est
522 3096 656 3158 regnum
678 3074 773 3149 illud,
798 3074 885 3156 quod
912 3075 1003 3137 Deus
1030 3094 1173 3137 caarsro

152 3189 336 3266 mandavit,
367 3211 468 3272 quum
499 3209 573 3252 eum
603 3187 804 3251 obedientiae
838 3186 879 3249 ad
912 3207 1038 3250 erucem
1072 3209 1174 3269 usque

152 3303 329 3387 praestitae
356 3303 498 3386 praemio
524 3301 764 3367 condecorabat.
779 3300 840 3364 ·Cf.
866 3301 946 3363 Phil.
974 3301 1025 3363 II:
1054 3303 1075 3363 9
1106 3323 1172 3384 sqq.

154 3415 224 3480 Uni
245 3437 323 3498 vero
348 3415 567 3481 definiendum
594 3421 656 3492 est,
679 3414 759 3497 quid
785 3413 847 3477 sibi
872 3413 950 3476 velit
976 3413 1058 3476 illud
1083 3399 1173 3486 ὅταν

153 3525 353 3621 παραδιδῷ
367 3521 437 3619 τὴν
454 3527 657 3619 βασιλείαν,
674 3534 723 3591 tot
742 3549 853 3592 sensus
870 3533 946 3590 sunt
964 3535 1043 3610 quot
1061 3529 1172 3612 capita.
1256 3544 1258 3548 ⁴

155 3645 260 3713 Reote
278 3644 418 3726 vquidem
444 3663 613 3706 osrasnra
639 3642 734 3706 verbo
760 3633 1006 3734 παραδιδόναι
1032 3643 1174 3706 tradenda·

151 3758 326 3827 notionem
345 3758 530 3834 vindieavit,
546 3757 602 3822 sed
620 3758 727 3821 minus
745 3766 831 3820 reete
849 3755 1042 3839 Apostolum
1058 3755 1173 3820 doeen-

151 3876 224 3936 teni
243 3872 332 3948 feeit,
350 3892 522 3935 cnarsruru
541 3892 604 3934 urso
622 3891 690 3934 eam
708 3872 860 3952 repulsat
880 3870 994 3933 civibus
1011 3872 1110 3950 ipsum
1125 3891 1173 3933 re—

146 3989 257 4070 yimea
278 3979 348 4050 Deo
365 3987 552 4050 trodr'turum
574 4007 647 4061 esse,
671 3988 716 4047 ito
739 3991 852 4060 tamea,
872 3990 905 4046 ut
928 3984 1088 4064 imperium
1111 3986 1175 4047 eius

150 4119 237 4162 auae
259 4121 368 4164 novom
389 4107 507 4163 tantum
522 4100 664 4181 formum
686 4101 824 4180 accipiet.
846 4099 939 4159 Hanc
963 4097 1048 4159 enirn
1066 4117 1174 4161 novum

150 4217 280 4295 irrepserit
292 4215 434 4297 formam
455 4220 567 4297 suopte
587 4235 623 4276 ex
643 4213 772 4295 ingenio
791 4212 896 4295 petiit,
913 4232 977 4272 non
999 4231 1036 4273 ex
1057 4213 1172 4274 oratio-

150 4350 212 4404 ne,
235 4351 330 4410 quam
354 4328 634 4412 interpretabatur,
658 4348 762 4409 neque
789 4347 826 4389 ex
854 4325 996 4388 doctrina
1023 4325 1056 4387 in
1085 4325 1173 4390 libris
