2656 4890
154 269 196 329 92
433 286 700 331 rurraruurirro
725 286 815 333 vaus.
839 271 889 333 22.

154 475 299 519 cunrsrr.
327 455 422 519 Hanc
449 454 625 519 similemve
649 453 815 519 notionem
840 458 914 539 post
938 454 1022 521 alios.
1041 456 1082 525 iia
1108 458 1169 529 tri-

153 567 291 631 buerunt
318 587 537 645 eosvrunrus,
565 571 774 643 ndoururoa,
798 587 960 647 retrursus,
985 589 1168 643 urrunnun.

152 681 195 744 Et
224 680 301 744 alibi
328 682 353 763 ¹)
382 701 435 745 me
461 679 600 745 effecisse
624 680 765 758 confido,
787 680 941 765 loquendi
968 705 1064 749 urum
1090 705 1169 769 poe·

152 794 268 871 tulare,
291 799 330 857 ut
352 793 465 859 eodem
485 793 583 857 modo
605 792 726 877 ubique
747 794 951 879 accipiantur.
971 797 1074 862 Quod
1092 818 1169 883 epe-

151 912 218 971 ctat
240 907 337 970 etiarn
354 906 441 971 locos
459 907 566 971 minus
584 906 781 990 frequentes,
800 907 836 971 in
857 909 974 992 quibus
996 911 1169 976 Articulus

150 1022 281 1085 Nomen
302 1019 477 1105 praecedit,
500 1021 551 1084 uti
572 1023 593 1085 2
619 1021 688 1084 Cor.
711 1021 764 1085 II:
791 1023 832 1084 14
853 1022 933 1104 Epi.
957 1024 989 1087 I:
1016 1025 1066 1088 10.

196 1133 260 1197 Sed
286 1133 447 1218 quomodo
473 1133 529 1197 illa
554 1135 587 1197 io
610 1135 813 1198 communione
834 1153 948 1199 anani
972 1140 1005 1203 et
1027 1137 1060 1201 tn
1083 1155 1168 1202 cora·

151 1249 290 1311 mentone
313 1267 448 1311 currsrr
472 1247 680 1331 intelligenda
705 1247 787 1327 sint,
812 1247 919 1312 dirimi
944 1249 1072 1332 nequit,
1100 1249 1168 1315 nisi

150 1361 307 1425 rationem
332 1359 486 1424 habemus
509 1360 670 1425 Adiectiri
694 1352 838 1446 πάντες,
864 1367 1002 1444 utroque
1027 1361 1062 1426 in
1093 1383 1168 1462 orp-

150 1474 247 1562 tionis
273 1473 416 1538 membro
442 1473 604 1538 exstantis.
631 1474 676 1537 ut
703 1472 743 1537 de
770 1494 808 1538 eo
838 1474 982 1556 quidem,
1007 1497 1050 1539 au
1079 1475 1169 1541 illud

150 1589 185 1650 in
211 1587 308 1672 priori
334 1587 509 1670 generatim
534 1607 634 1653 omnes
656 1586 788 1653 denotet
808 1589 957 1664 hominm,
980 1589 1059 1653 satis
1082 1590 1173 1655 inter

150 1722 184 1766 se
206 1701 277 1766 Viri
295 1701 394 1766 Docti
416 1700 630 1767 consentiunt
649 1702 691 1765 In
711 1701 879 1785 posteriori
897 1722 971 1767 vero
990 1701 1048 1765 alii
1066 1722 1173 1787 omnes

150 1813 263 1878 itidem
289 1817 435 1891 homines,
458 1814 514 1879 alii
537 1833 673 1878 ouarsrr
696 1818 825 1878 tanturn
845 1820 1006 1880 sectatores
1029 1817 1172 1901 spectari

150 1927 270 1992 volunt.
294 1928 367 1993 Hoc
388 1933 512 2015 autem,
534 1932 658 2013 praeter
680 1947 749 2005 eos,
768 1947 848 2010 quos
872 1945 1019 2015 wrrrrus
1042 1948 1171 1995 memo-

150 2046 215 2120 rat,
246 2061 422 2119 caremus,
450 2060 703 2119 surcnrruorus,
734 2059 910 2118 coccnrus,
941 2061 1170 2121 aosvrunrus,

150 2174 290 2234 usurus,
318 2174 452 2232 nasius,
481 2171 633 2219 nraruon
657 2156 702 2238 ²),
726 2159 759 2218 et
783 2153 942 2237 plerique,
964 2155 1029 2219 nisi
1055 2155 1170 2236 fallor,

148 2270 352 2353 interpretes,
378 2269 463 2334 tueri
487 2269 595 2335 conati
622 2273 712 2345 sunt,
735 2267 917 2351 nuperrime
944 2288 1112 2333 orouarus
1135 2273 1166 2354 ⁸)

150 2388 183 2447 et
209 2401 391 2459 ominosa,-
413 2380 496 2446 illud
524 2400 707 2445 vnornurus
730 2401 750 2445 a
771 2400 919 2445 runosro
942 2380 1022 2447 adeo
1049 2381 1169 2466 proba·

149 2501 220 2563 tum
239 2515 307 2559 esse
328 2493 497 2571 iudicauit,
515 2500 553 2558 ut
570 2493 696 2557 nullum
713 2493 946 2576 relinqueretur
961 2494 1167 2565 desiderium.

149 2608 251 2691 Atqui
275 2629 336 2672 nec
362 2627 543 2685 naucerus,
566 2628 670 2691 neque
697 2627 962 2686 memoremus,
986 2628 1169 2690 munusue,

149 2740 297 2786 wnrrrus
316 2721 410 2785 aliive
428 2720 575 2785 attulisse
597 2720 678 2783 mihi
700 2720 850 2785 videntur
872 2729 1061 2805 argumenta
1079 2725 1169 2789 tanti

148 2835 312 2918 ponderis,
339 2840 377 2900 ut
402 2854 532 2899 causam
558 2833 689 2901 omuino
714 2833 887 2912 vincerent.
910 2835 1048 2901 Etiamsi
1076 2836 1170 2911 enim

148 2936 338 3026 concedam,
360 2953 503 3011 mortuos
530 2946 566 3011 in
592 2947 693 3015 vitam
717 2948 875 3014 redituros
897 2948 1032 3032 spectari
1054 2949 1171 3017 Ioum

148 3063 192 3125 V:
209 3062 266 3138 28,
281 3063 324 3124 29
339 3064 372 3124 et
387 3060 455 3124 Act.
472 3059 599 3125 XXIV:
618 3063 675 3137 15,
690 3059 747 3126 ubi
766 3061 938 3127 delendum
958 3067 1007 3126 est
1025 3061 1170 3129 vocabu-

147 3174 215 3238 lum
236 3174 393 3267 νεκρῶν,
410 3171 578 3259 probitatis
600 3179 709 3251 tamen
732 3178 764 3239 et
786 3172 999 3258 improbitatis
1017 3195 1167 3242 commc-

147 3288 283 3351 momtio
309 3292 411 3365 vetat,
434 3287 607 3370 quominus
632 3286 667 3351 hi
691 3285 754 3351 looi
780 3286 822 3351 ad
846 3292 953 3351 totum
975 3308 1077 3373 genus
1099 3287 1168 3357 hu-

147 3399 305 3478 manum,
327 3399 505 3465 infantibus
540 3400 636 3466 etiam
670 3405 703 3465 et
734 3400 841 3484 pueris
874 3400 1020 3478 inclusis,
1049 3400 1168 3481 referri

148 3513 280 3597 possint.
307 3513 415 3577 Multo
443 3513 550 3577 minus
580 3513 616 3577 in
645 3512 715 3577 aliis
744 3514 807 3578 toti
835 3514 944 3598 generi
969 3507 1171 3604 humanm}

148 3616 340 3706 ἀνάστασις
361 3624 521 3691 tribuitur.
547 3625 611 3690 Sed
633 3624 660 3691 si
683 3625 755 3710 quis
777 3625 907 3693 aliunde
929 3647 1060 3712 arguere
1078 3627 1170 3707 uult,

1128 3772 1156 3829 ,λ

182 3977 204 4042 ²)
224 3978 356 4026 Commeat.
372 3990 446 4040 perp.
467 3978 494 4025 ia
510 3977 557 4040 Ep.
576 3979 609 4026 ad
626 3978 692 4026 Patr.
709 3991 736 4039 p.
756 3974 802 4036 70,
822 3973 884 4034 107,
903 3976 950 4025 122
967 3975 1071 4039 aliisque
1087 3975 1169 4051 locis,

147 4070 208 4120 quos
230 4061 405 4106 commemorat
428 4055 516 4105 Index.
537 4054 576 4105 cf.
596 4071 681 4114 rocn,
705 4056 835 4104 Commeat.
857 4055 918 4104 aber
936 4055 983 4103 dea
1002 4056 1065 4104 eret.
1086 4056 1176 4117 Bries

147 4137 190 4186 dee
206 4135 239 4185 A.
256 4137 351 4186 Poetae
366 4149 400 4184 aa
416 4137 456 4184 die
476 4137 582 4185 meat.
599 4150 626 4197 p.
645 4136 704 4184 350.

182 4239 204 4301 ²)
223 4239 416 4294 Quaestioaerde
427 4241 485 4289 attic
497 4239 670 4303 Apoetotoram
680 4241 706 4287 et
719 4238 776 4287 tocie
789 4237 823 4287 N.
842 4239 868 4287 Τ.
881 4237 1066 4303 distentioribus.
1079 4253 1106 4300 p.
1120 4240 1167 4289 86.

182 4342 205 4402 ³)
222 4344 252 4393 Iu
270 4358 387 4393 aunuum
408 4344 489 4394 ilicet.
508 4343 667 4393 Iatrbr'iclrer.
687 4343 755 4391 Tom.
775 4342 820 4393 IV.
839 4355 865 4404 p·
885 4342 913 4391 ll
932 4354 987 4403 sqq.
