2656 4890
434 274 703 326 rurrasnsrssuo
727 276 819 325 ysne.
835 259 895 321 258.
1104 261 1176 331 ‚245

160 398 425 531 lbrapparet..¹b
444 444 629 511 Generatim
641 449 761 509 antem
775 444 873 530 fidem
896 445 1128 532 caesanam,
1141 451 1179 511 ut

157 561 192 623 in
224 556 484 643 praecedentibus
519 557 614 621 huius
648 558 770 641 Capitis
799 557 876 621 locis
910 579 983 621 cum
1019 579 1177 637 cantaro,

160 693 324 743 emersio
348 671 484 754 aliisque
509 671 736 755 interpretibus
759 673 894 756 spectari
917 678 1003 756 pute
1027 673 1179 739 Ceterum

162 785 274 851 verbis:
296 779 438 875 ἑδραῖοι
454 781 622 874 γίνεσθε,
640 776 896 876 ἀμετακίνητοι
912 786 1179 870 magdaenoru-

160 899 257 964 tinori
281 897 322 963 ab
347 897 489 963 athletis·
504 898 655 982 petitam,
677 897 826 980 equidem
851 899 1179 986 haudinfici013aed

161 1014 190 1077 si
226 1033 346 1097 asma,
381 1031 528 1090 wonrro,
562 1012 632 1076 aliis
666 1011 907 1079 concedendum
940 1019 1003 1091 est,
1038 1033 1177 1081 seusun

45 1187 48 1194 .
161 1132 331 1191 sectatores
353 1144 490 1189 caussas
513 1146 588 1189 cum
610 1125 739 1190 athletis
760 1146 975 1210 comparasse,
995 1128 1104 1210 negari
1122 1149 1178 1193 ne·

161 1240 245 1322 quit,
275 1260 351 1304 eum
383 1260 417 1304 se
450 1239 601 1321 imaginis
630 1260 706 1302 suae
735 1239 954 1305 immemorem
984 1241 1178 1322 praestitisse

162 1352 329 1418 scribendo
349 1344 615 1447 περισσεύοντες
636 1358 695 1416 cet.

203 1468 275 1531 Iam
297 1466 514 1532 adhortationi
536 1473 702 1531 constantes
724 1467 853 1543 ιοίείίίο,
868 1474 1108 1549 perseverantes,
1126 1489 1178 1535 ac·

158 1579 360 1644 commodata
392 1586 441 1645 ost
474 1600 623 1663 sequens:
654 1580 840 1644 abundantes
872 1582 906 1643 in
938 1600 1031 1663 opere-
1054 1582 1179 1647 Domina

157 1714 285 1776 semper,
317 1699 354 1756 ut
383 1694 545 1778 vulgatus
571 1693 712 1759 reddidit
745 1695 878 1759 Graeca:
914 1686 1178 1788 περισσεύοντες

157 1807 198 1877 ἐν
233 1807 285 1898 τῷ
311 1804 406 1900 ἔργῳ
431 1808 499 1878 τού
525 1804 666 1898 Κυρίου
691 1799 853 1878 ποίνιοτε.
881 1809 981 1873 Recte
1008 1828 1178 1873 osmuuna

158 1920 330 2004 Partieipio
361 1912 626 2012 περισσεύοντες
653 1921 856 1988 abundantiae
881 1921 1048 1987 notionem
1073 1922 1177 1987 vindi-

157 2040 209 2099 cat
230 2040 343 2098 eontra
365 2053 539 2100 uersurum
561 2042 596 2099 et
616 2050 788 2112 warascis,
804 2034 863 2116 qui
885 2035 1088 2119 interpretari
1109 2058 1177 2100 ma-

157 2147 230 2210 lunt
251 2167 303 2212 nos
324 2148 543 2230 distinpnenles.
567 2145 666 2213 Quod
687 2148 736 2211 nti
751 2148 871 2218 mainus.¹
882 2147 1018 2230 quadrat
1035 2149 1071 2211 in
1090 2150 1176 2213 Rom.

157 2259 234 2323 XV:
260 2263 310 2324 13.
332 2262 412 2324 Pan.
433 2262 463 2324 I:
488 2263 527 2338 9,
548 2261 607 2337 26,
631 2260 665 2323 in
688 2259 804 2341 quibus
820 2260 904 2329 locis
923 2261 1178 2345 Praepositam

157 2394 231 2437 cum
260 2374 403 2438 Nomine
432 2372 577 2438 Verbum
600 2365 988 2464 neptoosdmsequitnr,
1014 2392 1074 2439 nee
1098 2375 1174 2441 ferri

156 2492 263 2569 potest
286 2489 301 2550 l
331 2487 400 2550 Cor.
423 2488 532 2550 VIII:
552 2489 582 2551 8.
606 2489 628 2551 2
649 2487 839 2552 eor.v111:
864 2489 893 2553 2.
907 2486 975 2553 IX:
997 2489 1019 2552 8
1039 2494 1072 2552 et
1083 2488 1174 2566 alibi,

156 2598 213 2663 nbi
242 2600 395 2663 orationis
423 2599 526 2664 forma
547 2599 675 2683 longius
704 2599 748 2667 ab
779 2601 839 2665 hae
859 2599 979 2678 differt,
1008 2602 1055 2667 sic
1077 2603 1175 2667 etiam

154 2712 238 2776 nibil
259 2712 407 2795 praesidii
425 2711 523 2777 habet
540 2713 576 2776 in
594 2713 670 2797 Cap.
693 2712 789 2778 XIV:
816 2716 857 2776 12
862 2759 873 2790 ,
896 2712 952 2779 ubi
971 2714 1061 2784 nulla
1079 2736 1177 2784 cansa

154 2831 205 2891 est
225 2825 260 2888 in
283 2825 385 2910 optati
402 2823 465 2896 ίνοι
481 2819 706 2917 περισσεύητε
728 2826 991 2910 interpretatione
1008 2827 1174 2898 notionem
1297 2921 1301 2930 ι

159 2939 321 3022 vulgarem
344 2939 516 3005 deserendi.
537 2940 706 3005 eminus
729 2946 838 3004 autem
857 2941 1031 3025 Partieipio
1048 2962 1176 3036 περισ-

159 3044 323 3132 σεύοντες
352 3054 471 3135 copam
489 3053 635 3117 denotari
655 3054 759 3132 aiens,
781 3056 1177 3120 incrementum-veronen

150 3167 252 3244 item,
283 3166 534 3232 animadvertere
559 3167 713 3250 neglexit,
743 3165 833 3231 illam
858 3167 905 3233 ita
932 3168 1087 3252 explicari.
1108 3190 1176 3236 non

159 3290 265 3363 posse,
286 3281 364 3363 quin
390 3282 451 3346 hoc
476 3281 506 3346 ei
528 3281 613 3345 insit.
637 3282 715 3345 Non
734 3279 847 3345 dubito
864 3280 973 3364 igitur,
994 3283 1073 3364 quin
1093 3302 1176 3347 rau·

45 3478 47 3482 y
160 3413 220 3457 uus
244 3393 305 3458 sibi
328 3394 477 3460 voluerit:
508 3397 638 3460 maiores
658 3395 796 3476 deinceps
811 3414 993 3476 propressns
1008 3395 1176 3477 secantes,-

149 3506 350 3588 ‚quibuscum
377 3508 521 3572 subiecta
550 3507 590 3578 ἓν
619 3510 671 3599 τῷ
693 3506 787 3601 ἔργῳ
806 3509 874 3578 τοῦ
894 3506 1036 3603 Κυρίου
1058 3530 1175 3574 conne-

159 3620 275 3685 ctenda
307 3642 389 3699 esse,
420 3642 486 3686 non
508 3642 582 3686 vero
612 3645 687 3687 cum
720 3621 944 3687 remotioribus
973 3617 1113 3716 ἑδραῖοι
1142 3629 1176 3688 et

160 3724 428 3824 ἀμετακίνητοι,
450 3741 490 3802 ut
516 3755 717 3814 aosvaanro,
747 3756 877 3799 saturo
900 3737 1073 3821 paucisque
1105 3736 1176 3803 aliis

160 3846 296 3929 placuit,
318 3855 391 3932 post
412 3848 579 3933 plerosque
602 3851 796 3940 Interpretes
820 3870 998 3929 marianus,
1029 3870 1176 3919 waratus

160 3967 194 4025 et
216 3982 386 4026 osrnuuua
404 3963 560 4028 viderunt.
584 3963 764 4040 Nimirum,
787 3969 825 4028 ut
883 3965 988 4043 ttnm,
1009 3965 1176 4031 notionem

166 4095 274 4143 eorum
307 4077 410 4142 multo
444 4078 551 4143 minus
580 4077 630 4142 his
659 4076 843 4152 ⁴Adiectiuis
879 4100 976 4160 quam
1004 4078 1177 4163 Partioipio

169 4236 325 4257 unauna-oud.-
357 4242 359 4247 ·

186 4333 220 4392 ¹¹)
232 4331 285 4379 Cli:
304 4343 365 4391 quae
383 4329 504 4392 disputavi
522 4330 548 4389 in
566 4332 656 4379 comm.
676 4330 706 4378 ad
725 4330 833 4378 Pars-1.
856 4333 896 4378 24.
967 4323 970 4327 “
992 4355 993 4359 =
1011 4348 1030 4361 Δ·
1048 4343 1063 4359 ·-
