<?xml version="1.0" encoding="UTF-8"?>
<!DOCTYPE html PUBLIC "-//W3C//DTD XHTML 1.0 Transitional//EN"
    "http://www.w3.org/TR/xhtml1/DTD/xhtml1-transitional.dtd">
<html xmlns="http://www.w3.org/1999/xhtml" xml:lang="en" lang="en">
 <head>
  <title>
</title>
<meta http-equiv="Content-Type" content="text/html;charset=utf-8" />
  <meta name='ocr-system' content='tesseract 3.04.00' />
  <meta name='ocr-capabilities' content='ocr_page ocr_carea ocr_par ocr_line ocrx_word'/>
</head>
<body>
  <div class='ocr_page' id='page_1' title='image "./commentariusper00henggoog_0042.png"; bbox 0 0 2656 4890; ppageno 0'>
   <div class='ocr_carea' id='block_1_1' title="bbox 356 1262 937 1406">
    <p class='ocr_par' dir='ltr' id='par_1_1' title="bbox 135 1256 937 1407">
     <span class='ocr_line' id='line_1_1' title="bbox 356 1262 937 1406; baseline 0.009 -5.071"><span class='ocrx_word' id='word_1_1' title='bbox 356 1262 937 1406; x_wconf 73' lang='lat' dir='ltr'>ruuuuruirnrio.</span> 
     </span>
    </p>
   </div>
   <div class='ocr_carea' id='block_1_2' title="bbox 410 2198 741 2276">
    <p class='ocr_par' dir='ltr' id='par_1_2' title="bbox 410 2198 741 2276">
     <span class='ocr_line' id='line_1_2' title="bbox 410 2198 741 2276; baseline 0.015 -24"><span class='ocrx_word' id='word_1_2' title='bbox 410 2262 418 2271; x_wconf 26' lang='grc' dir='ltr'>η</span> <span class='ocrx_word' id='word_1_3' title='bbox 535 2198 642 2276; x_wconf 72' lang='lat' dir='ltr'>vers.</span> <span class='ocrx_word' id='word_1_4' title='bbox 660 2200 741 2266; x_wconf 78' lang='lat'>1‚2</span> 
     </span>
    </p>
   </div>
   <div class='ocr_carea' id='block_1_3' title="bbox 116 2457 1153 4361">
    <p class='ocr_par' dir='ltr' id='par_1_3' title="bbox 116 2457 1153 4361">
     <span class='ocr_line' id='line_1_3' title="bbox 183 2457 1149 2556; baseline -0.004 -18"><span class='ocrx_word' id='word_1_5' title='bbox 183 2457 452 2556; x_wconf 83' lang='lat' dir='ltr'>Disputaticnem</span> <span class='ocrx_word' id='word_1_6' title='bbox 488 2491 579 2536; x_wconf 82' lang='lat' dir='ltr'>suam</span> <span class='ocrx_word' id='word_1_7' title='bbox 611 2490 741 2534; x_wconf 75' lang='lat' dir='ltr'>rnunos</span> <span class='ocrx_word' id='word_1_8' title='bbox 778 2469 819 2536; x_wconf 81' lang='lat' dir='ltr'>ab</span> <span class='ocrx_word' id='word_1_9' title='bbox 848 2471 993 2536; x_wconf 81' lang='lat' dir='ltr'>oratione</span> <span class='ocrx_word' id='word_1_10' title='bbox 1022 2471 1149 2556; x_wconf 80' lang='lat' dir='ltr'><strong>incipit,</strong></span> 
     </span>
     <span class='ocr_line' id='line_1_4' title="bbox 136 2583 1151 2669; baseline 0.001 -21"><span class='ocrx_word' id='word_1_11' title='bbox 136 2597 222 2667; x_wconf 79' lang='lat' dir='ltr'>quoe</span> <span class='ocrx_word' id='word_1_12' title='bbox 243 2585 388 2669; x_wconf 78' lang='lat' dir='ltr'>opposita</span> <span class='ocrx_word' id='word_1_13' title='bbox 410 2589 460 2649; x_wconf 88' lang='lat' dir='ltr'>cst</span> <span class='ocrx_word' id='word_1_14' title='bbox 480 2583 522 2649; x_wconf 83' lang='lat' dir='ltr'>ad</span> <span class='ocrx_word' id='word_1_15' title='bbox 544 2585 677 2650; x_wconf 86' lang='lat' dir='ltr'>lectores</span> <span class='ocrx_word' id='word_1_16' title='bbox 703 2589 858 2661; x_wconf 82' lang='lat' dir='ltr'>attentos,</span> <span class='ocrx_word' id='word_1_17' title='bbox 890 2583 1024 2661; x_wconf 85' lang='lat' dir='ltr'>dociles,</span> <span class='ocrx_word' id='word_1_18' title='bbox 1054 2583 1151 2649; x_wconf 87' lang='lat' dir='ltr'>bene-</span> 
     </span>
     <span class='ocr_line' id='line_1_5' title="bbox 136 2696 1151 2780; baseline -0.001 -19"><span class='ocrx_word' id='word_1_19' title='bbox 136 2697 227 2762; x_wconf 88' lang='lat' dir='ltr'>volos</span> <span class='ocrx_word' id='word_1_20' title='bbox 248 2698 419 2764; x_wconf 76' lang='lat' dir='ltr'>faciendos.</span> <span class='ocrx_word' id='word_1_21' title='bbox 441 2698 513 2763; x_wconf 87' lang='lat' dir='ltr'>Nec</span> <span class='ocrx_word' id='word_1_22' title='bbox 536 2696 750 2762; x_wconf 83' lang='lat' dir='ltr'>dubitandum</span> <span class='ocrx_word' id='word_1_23' title='bbox 769 2704 833 2776; x_wconf 87' lang='lat' dir='ltr'>est,</span> <span class='ocrx_word' id='word_1_24' title='bbox 861 2697 941 2780; x_wconf 89' lang='lat' dir='ltr'>quin</span> <span class='ocrx_word' id='word_1_25' title='bbox 959 2717 997 2761; x_wconf 81' lang='lat' dir='ltr'>ee</span> <span class='ocrx_word' id='word_1_26' title='bbox 1015 2703 1151 2762; x_wconf 79' lang='lat' dir='ltr'>sectato-</span> 
     </span>
     <span class='ocr_line' id='line_1_6' title="bbox 137 2809 1152 2894; baseline -0.002 -21"><span class='ocrx_word' id='word_1_27' title='bbox 137 2809 227 2877; x_wconf 87' lang='lat' dir='ltr'>ribus</span> <span class='ocrx_word' id='word_1_28' title='bbox 257 2830 392 2876; x_wconf 81' lang='lat' dir='ltr'>cunrsur</span> <span class='ocrx_word' id='word_1_29' title='bbox 420 2810 612 2888; x_wconf 82' lang='lat' dir='ltr'>Corinthiis,</span> <span class='ocrx_word' id='word_1_30' title='bbox 644 2810 716 2894; x_wconf 88' lang='lat' dir='ltr'>plus</span> <span class='ocrx_word' id='word_1_31' title='bbox 738 2832 804 2874; x_wconf 84' lang='lat' dir='ltr'>una</span> <span class='ocrx_word' id='word_1_32' title='bbox 819 2810 866 2875; x_wconf 56' lang='lat' dir='ltr'>„de</span> <span class='ocrx_word' id='word_1_33' title='bbox 887 2830 999 2887; x_wconf 65' lang='lat' dir='ltr'>muse,</span> <span class='ocrx_word' id='word_1_34' title='bbox 1029 2809 1152 2877; x_wconf 83' lang='lat' dir='ltr'>facilior</span> 
     </span>
     <span class='ocr_line' id='line_1_7' title="bbox 136 2919 1151 3007; baseline -0.002 -21"><span class='ocrx_word' id='word_1_35' title='bbox 136 2922 237 2988; x_wconf 79' lang='lat' dir='ltr'>fuerit</span> <span class='ocrx_word' id='word_1_36' title='bbox 252 2924 432 3002; x_wconf 73' lang='lat' dir='ltr'>intellectu,</span> <span class='ocrx_word' id='word_1_37' title='bbox 455 2945 551 3007; x_wconf 79' lang='lat' dir='ltr'>quam</span> <span class='ocrx_word' id='word_1_38' title='bbox 570 2922 663 2988; x_wconf 73' lang='lat' dir='ltr'>nobis</span> <span class='ocrx_word' id='word_1_39' title='bbox 683 2924 733 2987; x_wconf 78' lang='lat' dir='ltr'>sit.</span> <span class='ocrx_word' id='word_1_40' title='bbox 756 2923 952 2987; x_wconf 69' lang='lat' dir='ltr'>Pucinum</span> <span class='ocrx_word' id='word_1_41' title='bbox 978 2919 1021 2993; x_wconf 75' lang='grc' dir='ltr'>δέ</span> <span class='ocrx_word' id='word_1_42' title='bbox 1037 2929 1151 2999; x_wconf 72' lang='lat' dir='ltr'>auem,</span> 
     </span>
     <span class='ocr_line' id='line_1_8' title="bbox 136 3035 1151 3121; baseline -0.002 -20"><span class='ocrx_word' id='word_1_43' title='bbox 136 3035 189 3101; x_wconf 85' lang='lat' dir='ltr'>uti</span> <span class='ocrx_word' id='word_1_44' title='bbox 211 3057 249 3101; x_wconf 81' lang='lat' dir='ltr'>ee</span> <span class='ocrx_word' id='word_1_45' title='bbox 273 3038 380 3121; x_wconf 85' lang='lat' dir='ltr'>Caput</span> <span class='ocrx_word' id='word_1_46' title='bbox 400 3036 464 3102; x_wconf 87' lang='lat' dir='ltr'>XV</span> <span class='ocrx_word' id='word_1_47' title='bbox 486 3058 560 3102; x_wconf 86' lang='lat' dir='ltr'>cum</span> <span class='ocrx_word' id='word_1_48' title='bbox 583 3036 738 3120; x_wconf 84' lang='lat' dir='ltr'>superiori</span> <span class='ocrx_word' id='word_1_49' title='bbox 757 3035 934 3114; x_wconf 80' lang='lat' dir='ltr'>connectit,</span> <span class='ocrx_word' id='word_1_50' title='bbox 965 3036 1011 3100; x_wconf 89' lang='lat' dir='ltr'>sio</span> <span class='ocrx_word' id='word_1_51' title='bbox 1036 3035 1151 3100; x_wconf 82' lang='lat' dir='ltr'>transi-</span> 
     </span>
     <span class='ocr_line' id='line_1_9' title="bbox 136 3149 1151 3232; baseline 0 -21"><span class='ocrx_word' id='word_1_52' title='bbox 136 3149 222 3212; x_wconf 92' lang='lat' dir='ltr'>tioni</span> <span class='ocrx_word' id='word_1_53' title='bbox 243 3150 285 3213; x_wconf 80' lang='lat' dir='ltr'>od</span> <span class='ocrx_word' id='word_1_54' title='bbox 306 3150 403 3214; x_wconf 89' lang='lat' dir='ltr'>huius</span> <span class='ocrx_word' id='word_1_55' title='bbox 423 3150 487 3218; x_wconf 91' lang='lat' dir='ltr'>loci</span> <span class='ocrx_word' id='word_1_56' title='bbox 509 3154 735 3232; x_wconf 74' lang='lat' dir='ltr'>argumentum</span> <span class='ocrx_word' id='word_1_57' title='bbox 763 3149 933 3226; x_wconf 84' lang='lat' dir='ltr'>inservire,</span> <span class='ocrx_word' id='word_1_58' title='bbox 963 3169 1059 3212; x_wconf 91' lang='lat' dir='ltr'>nemo</span> <span class='ocrx_word' id='word_1_59' title='bbox 1088 3156 1151 3225; x_wconf 89' lang='lat' dir='ltr'>est,</span> 
     </span>
     <span class='ocr_line' id='line_1_10' title="bbox 135 3236 1152 3356; baseline -0.001 -31"><span class='ocrx_word' id='word_1_60' title='bbox 135 3262 195 3345; x_wconf 91' lang='lat' dir='ltr'>qui</span> <span class='ocrx_word' id='word_1_61' title='bbox 216 3236 350 3345; x_wconf 78' lang='lat' dir='ltr'>ignoret</span> <span class='ocrx_word' id='word_1_62' title='bbox 372 3263 515 3329; x_wconf 84' lang='lat' dir='ltr'>Nomine</span> <span class='ocrx_word' id='word_1_63' title='bbox 547 3253 715 3356; x_wconf 71' lang='grc' dir='ltr'><em>ἀδελφοί,</em></span> <span class='ocrx_word' id='word_1_64' title='bbox 738 3261 880 3343; x_wconf 78' lang='lat' dir='ltr'>fratres,</span> <span class='ocrx_word' id='word_1_65' title='bbox 908 3259 1086 3345; x_wconf 78' lang='lat' dir='ltr'>Apostolus</span> <span class='ocrx_word' id='word_1_66' title='bbox 1106 3260 1152 3325; x_wconf 91' lang='lat' dir='ltr'>le-</span> 
     </span>
     <span class='ocr_line' id='line_1_11' title="bbox 135 3372 1152 3461; baseline 0 -22"><span class='ocrx_word' id='word_1_67' title='bbox 135 3380 241 3440; x_wconf 91' lang='lat' dir='ltr'>ctores</span> <span class='ocrx_word' id='word_1_68' title='bbox 264 3397 338 3440; x_wconf 88' lang='lat' dir='ltr'>suos</span> <span class='ocrx_word' id='word_1_69' title='bbox 360 3376 549 3461; x_wconf 80' lang='lat' dir='ltr'>compellare</span> <span class='ocrx_word' id='word_1_70' title='bbox 571 3375 709 3452; x_wconf 88' lang='lat' dir='ltr'>videtur,</span> <span class='ocrx_word' id='word_1_71' title='bbox 732 3379 770 3437; x_wconf 90' lang='lat' dir='ltr'>ut</span> <span class='ocrx_word' id='word_1_72' title='bbox 789 3394 843 3438; x_wconf 91' lang='lat' dir='ltr'>eos</span> <span class='ocrx_word' id='word_1_73' title='bbox 858 3378 1024 3457; x_wconf 75' lang='lat' dir='ltr'>praeparet</span> <span class='ocrx_word' id='word_1_74' title='bbox 1046 3372 1088 3437; x_wconf 81' lang='lat' dir='ltr'>od</span> <span class='ocrx_word' id='word_1_75' title='bbox 1102 3393 1152 3439; x_wconf 86' lang='lat' dir='ltr'>re·</span> 
     </span>
     <span class='ocr_line' id='line_1_12' title="bbox 135 3485 1152 3572; baseline 0.001 -23"><span class='ocrx_word' id='word_1_76' title='bbox 135 3488 380 3571; x_wconf 85' lang='lat' dir='ltr'>prehensiones,</span> <span class='ocrx_word' id='word_1_77' title='bbox 399 3511 478 3572; x_wconf 81' lang='lat' dir='ltr'>quas</span> <span class='ocrx_word' id='word_1_78' title='bbox 493 3489 601 3553; x_wconf 85' lang='lat' dir='ltr'>iamin</span> <span class='ocrx_word' id='word_1_79' title='bbox 611 3493 721 3553; x_wconf 91' lang='lat' dir='ltr'>mente</span> <span class='ocrx_word' id='word_1_80' title='bbox 732 3486 847 3563; x_wconf 85' lang='lat' dir='ltr'>habet,</span> <span class='ocrx_word' id='word_1_81' title='bbox 867 3487 984 3551; x_wconf 91' lang='lat' dir='ltr'>leniter</span> <span class='ocrx_word' id='word_1_82' title='bbox 998 3485 1152 3555; x_wconf 78' lang='lat' dir='ltr'>ferendos.</span> 
     </span>
     <span class='ocr_line' id='line_1_13' title="bbox 138 3581 1152 3686; baseline -0.001 -22"><span class='ocrx_word' id='word_1_83' title='bbox 138 3600 298 3665; x_wconf 61' lang='lat' dir='ltr'>semiliter</span> <span class='ocrx_word' id='word_1_84' title='bbox 318 3581 395 3686; x_wconf 72' lang='lat' dir='ltr'>cap.</span> <span class='ocrx_word' id='word_1_85' title='bbox 426 3602 461 3665; x_wconf 87' lang='lat'>1:</span> <span class='ocrx_word' id='word_1_86' title='bbox 493 3604 623 3678; x_wconf 91' lang='lat'>10,11.</span> <span class='ocrx_word' id='word_1_87' title='bbox 653 3600 915 3664; x_wconf 73' lang='lat' dir='ltr'>11121.1v26</span> <span class='ocrx_word' id='word_1_88' title='bbox 945 3605 1002 3664; x_wconf 68' lang='lat' dir='ltr'>ets.</span> <span class='ocrx_word' id='word_1_89' title='bbox 1033 3601 1085 3664; x_wconf 77' lang='lat' dir='ltr'>ne</span> <span class='ocrx_word' id='word_1_90' title='bbox 1115 3620 1152 3663; x_wconf 73' lang='lat'>00</span> 
     </span>
     <span class='ocr_line' id='line_1_14' title="bbox 135 3704 1153 3802; baseline 0.008 -27"><span class='ocrx_word' id='word_1_91' title='bbox 135 3717 250 3776; x_wconf 82' lang='lat' dir='ltr'>autem</span> <span class='ocrx_word' id='word_1_92' title='bbox 267 3713 339 3778; x_wconf 87' lang='lat' dir='ltr'>Viri</span> <span class='ocrx_word' id='word_1_93' title='bbox 353 3713 451 3778; x_wconf 81' lang='lat' dir='ltr'>Docti</span> <span class='ocrx_word' id='word_1_94' title='bbox 473 3714 559 3778; x_wconf 87' lang='lat' dir='ltr'>inter</span> <span class='ocrx_word' id='word_1_95' title='bbox 578 3734 612 3778; x_wconf 92' lang='lat' dir='ltr'>se</span> <span class='ocrx_word' id='word_1_96' title='bbox 631 3712 825 3797; x_wconf 79' lang='lat' dir='ltr'>disceptant,</span> <span class='ocrx_word' id='word_1_97' title='bbox 850 3712 929 3796; x_wconf 86' lang='lat' dir='ltr'>quid</span> <span class='ocrx_word' id='word_1_98' title='bbox 946 3704 1153 3802; x_wconf 66' lang='grc' dir='ltr'><em>εὐαγγέλιον</em></span> 
     </span>
     <span class='ocr_line' id='line_1_15' title="bbox 116 3824 1152 3909; baseline -0.002 -21"><span class='ocrx_word' id='word_1_99' title='bbox 116 3824 306 3908; x_wconf 71' lang='lat' dir='ltr'>significet.</span> <span class='ocrx_word' id='word_1_100' title='bbox 335 3826 511 3904; x_wconf 91' lang='lat' dir='ltr'>Nonnulli,</span> <span class='ocrx_word' id='word_1_101' title='bbox 541 3825 657 3909; x_wconf 88' lang='lat' dir='ltr'>quibus</span> <span class='ocrx_word' id='word_1_102' title='bbox 680 3827 839 3890; x_wconf 83' lang='lat' dir='ltr'>calculum</span> <span class='ocrx_word' id='word_1_103' title='bbox 861 3824 1047 3890; x_wconf 84' lang='lat' dir='ltr'>adiecerunt</span> <span class='ocrx_word' id='word_1_104' title='bbox 1069 3843 1152 3887; x_wconf 77' lang='lat' dir='ltr'>urr-</span> 
     </span>
     <span class='ocr_line' id='line_1_16' title="bbox 137 3918 1152 4023; baseline 0.002 -24"><span class='ocrx_word' id='word_1_105' title='bbox 137 3957 369 4001; x_wconf 78' lang='lat' dir='ltr'>nnunrrcmus</span> <span class='ocrx_word' id='word_1_106' title='bbox 392 3943 664 4017; x_wconf 79' lang='lat' dir='ltr'>etniicunnrus,</span> <span class='ocrx_word' id='word_1_107' title='bbox 694 3940 756 4003; x_wconf 89' lang='lat' dir='ltr'>hoc</span> <span class='ocrx_word' id='word_1_108' title='bbox 790 3939 949 4023; x_wconf 85' lang='lat' dir='ltr'>explicant</span> <span class='ocrx_word' id='word_1_109' title='bbox 983 3918 1152 4001; x_wconf 66' lang='lat' dir='ltr'>doctricem</span> 
     </span>
     <span class='ocr_line' id='line_1_17' title="bbox 138 4050 1153 4136; baseline -0.001 -21"><span class='ocrx_word' id='word_1_110' title='bbox 138 4071 199 4115; x_wconf 86' lang='lat' dir='ltr'>seu</span> <span class='ocrx_word' id='word_1_111' title='bbox 220 4054 358 4115; x_wconf 57' lang='lat' dir='ltr'>notulam</span> <span class='ocrx_word' id='word_1_112' title='bbox 376 4056 481 4117; x_wconf 79' lang='lat' dir='ltr'>mortis</span> <span class='ocrx_word' id='word_1_113' title='bbox 506 4072 641 4116; x_wconf 76' lang='lat' dir='ltr'>euersor</span> <span class='ocrx_word' id='word_1_114' title='bbox 660 4054 780 4136; x_wconf 80' lang='lat' dir='ltr'>eiusque</span> <span class='ocrx_word' id='word_1_115' title='bbox 799 4052 914 4116; x_wconf 75' lang='lat' dir='ltr'>reditur</span> <span class='ocrx_word' id='word_1_116' title='bbox 930 4055 963 4114; x_wconf 78' lang='lat' dir='ltr'>io</span> <span class='ocrx_word' id='word_1_117' title='bbox 974 4053 1076 4114; x_wconf 62' lang='lat' dir='ltr'>coam.</span> <span class='ocrx_word' id='word_1_118' title='bbox 1090 4050 1153 4114; x_wconf 87' lang='lat' dir='ltr'>Sed</span> 
     </span>
     <span class='ocr_line' id='line_1_18' title="bbox 137 4163 1153 4230; baseline -0.001 -3"><span class='ocrx_word' id='word_1_119' title='bbox 137 4184 262 4228; x_wconf 84' lang='lat' dir='ltr'>nexum</span> <span class='ocrx_word' id='word_1_120' title='bbox 291 4165 444 4230; x_wconf 85' lang='lat' dir='ltr'>orationis</span> <span class='ocrx_word' id='word_1_121' title='bbox 473 4187 539 4229; x_wconf 90' lang='lat' dir='ltr'>non</span> <span class='ocrx_word' id='word_1_122' title='bbox 569 4166 705 4230; x_wconf 83' lang='lat' dir='ltr'>assecuti</span> <span class='ocrx_word' id='word_1_123' title='bbox 727 4164 881 4230; x_wconf 85' lang='lat' dir='ltr'>vocabulo</span> <span class='ocrx_word' id='word_1_124' title='bbox 911 4163 959 4226; x_wconf 92' lang='lat' dir='ltr'>illi</span> <span class='ocrx_word' id='word_1_125' title='bbox 987 4164 1153 4228; x_wconf 89' lang='lat' dir='ltr'>notionem</span> 
     </span>
     <span class='ocr_line' id='line_1_19' title="bbox 138 4276 1152 4361; baseline -0.001 -20"><span class='ocrx_word' id='word_1_126' title='bbox 138 4277 335 4342; x_wconf 85' lang='lat' dir='ltr'>affinxerunt</span> <span class='ocrx_word' id='word_1_127' title='bbox 356 4285 423 4342; x_wconf 81' lang='lat' dir='ltr'>tam</span> <span class='ocrx_word' id='word_1_128' title='bbox 447 4279 488 4342; x_wconf 84' lang='lat' dir='ltr'>ab</span> <span class='ocrx_word' id='word_1_129' title='bbox 509 4279 570 4343; x_wconf 92' lang='lat' dir='ltr'>hoc</span> <span class='ocrx_word' id='word_1_130' title='bbox 596 4279 685 4356; x_wconf 88' lang='lat' dir='ltr'>loco,</span> <span class='ocrx_word' id='word_1_131' title='bbox 717 4300 814 4361; x_wconf 83' lang='lat' dir='ltr'>quam</span> <span class='ocrx_word' id='word_1_132' title='bbox 843 4277 884 4341; x_wconf 86' lang='lat' dir='ltr'>ab</span> <span class='ocrx_word' id='word_1_133' title='bbox 909 4298 972 4340; x_wconf 84' lang='lat' dir='ltr'>usu</span> <span class='ocrx_word' id='word_1_134' title='bbox 999 4276 1152 4360; x_wconf 89' lang='lat' dir='ltr'>loquendi</span> 
     </span>
    </p>
   </div>
   <div class='ocr_carea' id='block_1_4' title="bbox 0 0 1338 4890">
    <p class='ocr_par' dir='ltr' id='par_1_4' title="bbox 0 0 1338 4890">
     <span class='ocr_line' id='line_1_20' title="bbox 0 0 1338 4890; baseline 0 0"><span class='ocrx_word' id='word_1_135' title='bbox 0 0 1338 4890; x_wconf 95' lang='lat' dir='ltr'> </span> 
     </span>
    </p>
   </div>
  </div>
 </body>
</html>
