2656 4890
157 298 223 374 252
593 298 734 378 Nomos,

1016 504 1073 566 Pag.
1158 479 1162 485 ⁴

155 581 463 669 Ἀποκατάστασις
495 583 644 661 πάντων
674 614 714 654 an
745 593 779 654 in

201 703 243 764 N.
267 704 302 764 T.
326 703 483 766 doceatur.
581 755 586 764 .
678 714 690 766 .’
774 755 779 766 .
872 755 877 767 .
968 709 1179 788 ‚128·sqq.

155 806 409 885 Απόλλυσθαι
435 815 545 898 quid
536 838 571 878 m
598 818 639 878 N.
666 818 701 879 T.
725 816 778 880 de-

201 933 291 992 notet
293 977 975 992 ........
1040 933 1085 993 79
1107 952 1181 1013 sqq.

156 1040 293 1120 Apostoli
310 1041 416 1124 plures
434 1041 566 1106 fuerunt
583 1063 679 1124 quam
699 1041 776 1105 duo-

200 1151 301 1215 decim
303 1201 878 1217 .......
960 1157 1020 1231 46,
1041 1158 1095 1218 47.

155 1265 371 1347 Apporitiooes
412 1285 486 1328 mou
528 1274 599 1349 post
638 1267 777 1330 reditum

201 1377 268 1441 eius
313 1379 348 1441 in
393 1379 491 1441 vitam
536 1379 630 1462 vulgo
672 1380 778 1442 minus

199 1497 283 1553 recte
306 1490 482 1554 distinctae.

155 1603 313 1684 Appositio
343 1603 384 1666 ad
414 1603 591 1666 orationem
621 1605 777 1688 explican-

199 1715 272 1778 dam
294 1715 476 1780 inserviens.
584 1767 590 1777 .
681 1767 686 1777 .
778 1768 783 1777 .
875 1768 881 1778 .
972 1769 977 1779 .
1089 1769 1096 1781 .

155 1828 259 1891 Arabo
280 1830 395 1910 Polyql.
419 1829 574 1892 laudatus.
681 1879 686 1890 .
777 1880 782 1890 .
874 1880 879 1891 .
972 1879 977 1890 .
1092 1881 1099 1893 .

155 1942 313 2004 Articulis
339 1940 425 2003 haud
451 1941 520 2004 sine
545 1962 641 2006 causa
662 1941 775 2004 iisdem

199 2052 359 2116 vocabulis
370 2073 457 2115 nuno
468 2054 678 2136 praepositus,
690 2074 776 2117 nunc

197 2186 263 2228 non
285 2165 481 2248 praepositus
505 2173 584 2228 est..
677 2217 682 2227 .
774 2217 779 2227 .
870 2219 875 2229 .

227 2326 248 2352 ‚‚
335 2275 370 2345 οἱ
388 2297 462 2340 oum
482 2279 632 2342 Genitivo
652 2280 681 2342 ei
700 2278 774 2342 sub-

199 2391 281 2452 iecto
303 2373 585 2474 viventeospeotat,
606 2410 672 2454 non
690 2414 774 2454 mor-

197 2509 270 2564 tuos
273 2551 874 2566 ........
920 2509 1100 2582 100,101.

153 2615 306 2696 Baptiomi
335 2613 568 2678 administratio
595 2638 614 2678 a
640 2634 716 2679 loso
743 2625 775 2680 et

196 2727 359 2810 Apostolis
400 2708 587 2812 plerumque
622 2730 773 2794 mandata

196 2839 274 2902 aliis.
376 2890 382 2901 .
474 2893 479 2902 .
573 2893 578 2903 .
670 2894 675 2904 .
767 2895 772 2904 .
863 2894 868 2905 .
959 2839 985 2905 .'

154 2948 384 3041 Βαπτίζομαι
423 2952 478 3017 ubi
515 2954 681 3019 notionem
717 2955 773 3018 ha-

195 3064 249 3128 bet
285 3066 443 3142 initiandi,
478 3066 555 3130 hooc
591 3067 626 3130 in
660 3069 702 3131 N.
737 3071 771 3131 T.
1112 3116 1115 3123 ·

189 3179 321 3259 propria
344 3178 406 3241 dici
429 3185 544 3262 potest.
573 3231 578 3241 .
670 3232 675 3243 .
767 3234 772 3243 .
853 3218 870 3245 ·.
960 3234 966 3244 .
1021 3185 1097 3247 133.

150 3293 325 3373 Baptismus
351 3291 527 3355 viventium
552 3314 609 3377 pro
631 3295 773 3358 mortuis.
865 3346 870 3357 .
961 3345 966 3355 .
1017 3298 1084 3359 137
1109 3321 1180 3382 sqq.

152 3400 320 3473 Βασιλεία
355 3396 426 3492 (ἡ),
457 3425 581 3487 reqoom
613 3408 770 3484 Divinum,

195 3517 280 3578 ouius
295 3521 441 3599 princeps
461 3525 504 3582 est
526 3538 696 3582 cnmsoos.
766 3571 771 3582 .
863 3571 869 3581 .
916 3522 1097 3597 107‚108.

244 3677 265 3705 n
358 3630 449 3700 Θεοῦ
483 3630 569 3694 haud
601 3652 672 3696 roro
703 3633 771 3696 ieo-

192 3743 306 3805 titatem
348 3741 479 3806 denotat
519 3747 643 3808 alterius
677 3748 780 3822 vitoe:

86 3837 89 3842 Α
192 3854 277 3935 reyoi
299 3855 405 3918 Domi
427 3858 504 3919 cives
526 3865 698 3923 manentem.
768 3911 772 3919 .
864 3911 868 3920 .
960 3911 966 3921 .
1018 3863 1095 3923 210.

148 3961 215 4041 vta,
240 3966 388 4046 absorpsit
410 3969 458 4031 vel
482 3971 675 4034 devoravit..
766 4023 771 4032 .
862 4023 867 4034 .
938 4011 964 4034 ».
1016 3977 1121 4038 22111

147 4085 219 4152 wa,
248 4082 454 4157 annunciavit,
481 4083 537 4146 sed
566 4104 630 4147 rem
655 4087 771 4148 laetam.
863 4137 868 4146 .
959 4138 964 4147 .
1044 4090 1117 4150 los

150 4191 261 4253 Carnis
304 4195 490 4257 resurrectio
532 4216 597 4259 non
639 4198 770 4261 docetur
815 4225 818 4233 ·
888 4222 890 4227 ·
954 4224 957 4229 ·
1023 4228 1027 4237 ·
1067 4218 1071 4237 ²

192 4301 383 4366 inN.'l¹..
476 4359 480 4368 .
573 4360 577 4370 .
669 4362 673 4370 .
766 4363 770 4371 .
863 4364 867 4373 .
949 4316 1092 4391 '.5=;6.
