2656 4890
151 297 212 357 178
389 312 655 357 ruunnranrarro
681 312 772 355 vena.
795 295 856 366 40,
878 293 930 354 ol.

86 519 90 526 ·
149 501 342 566 quamquam
362 479 468 545 hio-et
480 478 556 545 alibi
570 499 645 543 cum
661 478 832 543 Adiectivo
848 472 937 568 ἄλλη
956 484 1181 562 permotam

149 596 315 661 notionem
346 601 455 659 tamen
484 613 553 658 non
583 592 715 657 omnino
744 590 882 659 eandem
903 590 1019 669 babet,
1045 591 1179 681 sod-ud

149 707 326 793 splendoris
345 708 549 772 decantatam
564 706 722 771 lectorum
735 710 812 771 ante
826 703 937 769 oculos
949 703 1182 773 collocandam

148 821 282 887 inservit
301 823 337 904 ¹).
357 821 452 885 Quae
469 841 571 902 quum
587 819 635 883 ita
652 819 736 896 sint,
755 818 906 902 Apostoli
922 838 1015 883 mens
1034 820 1175 885 asservi-

150 935 257 1003 detur:
270 935 324 999 sed
338 935 416 998 aliua
428 933 549 1015 pererio
561 933 746 1010 coelectiaon,
758 933 840 996 alius
849 935 971 1016 pencris
980 934 1185 1003 terrarlrium,

149 1047 292 1130 splendor
319 1053 370 1112 est.
392 1047 503 1129 Atque
525 1046 571 1110 sic
592 1046 654 1110 hoc
676 1065 806 1128 quoque
827 1044 973 1130 exemplo
998 1046 1179 1131 Cooimlsios

149 1161 273 1238 docuit,
292 1163 415 1237 Deum,
432 1160 489 1243 qui
507 1159 609 1225 alium
626 1158 829 1243 splendorem
846 1157 1038 1224 coelestibus
1056 1178 1176 1244 corpo·

149 1273 252 1352 ribus,
276 1274 375 1339 aliurn
401 1271 604 1339 terrestribus
628 1273 732 1349 daret,
754 1271 843 1337 hand
864 1272 1076 1356 impotentem
1100 1292 1177 1339 esre

152 1387 193 1451 ad
217 1407 333 1471 corpus
358 1387 483 1451 homini
510 1385 654 1451 dandum
677 1386 909 1469 praestantius,
931 1407 1029 1469 quam
1054 1385 1120 1451 hac
1141 1386 1180 1453 in

150 1507 235 1567 terra
275 1500 415 1566 haberet
432 1558 437 1569 ,
454 1500 553 1565 Quod
583 1499 744 1584 plerisque
773 1514 902 1586 quoquc
937 1497 1180 1583 Interprntibiu

149 1616 254 1679 visum
271 1618 335 1691 est,
350 1619 524 1698 praeeunte
540 1613 607 1677 iam
632 1630 788 1677 reusam.
804 1613 1048 1677 Gaarsosrorrr
1061 1618 1179 1679 autem

149 1727 348 1814 aliorumque
369 1727 503 1791 Petrum
525 1732 723 1803 commento,
746 1746 842 1810 supra
863 1731 1060 1805 memorato,
1077 1747 1177 1793 voca-

149 1839 233 1905 bulis
251 1831 450 1933 ἐπουράνια
469 1846 502 1904 et
518 1836 654 1932 ἐπίγεια
666 1840 781 1922 probos
793 1845 829 1904 et
841 1839 994 1922 improbos
1006 1840 1180 1919 donum

149 1960 188 2017 ut
215 1955 281 2017 iam
310 1952 393 2018 beno
419 1952 648 2019 animadvertit
676 1972 807 2030 usurus,
833 1952 1040 2019 vehementer
1063 1952 1181 2021 obsta

149 2065 337 2131 adiunctum
359 2058 470 2154 δόξα,
483 2066 613 2153 quippe·
622 2066 732 2150 probis
748 2066 879 2153 quidam
897 2086 1096 2150 congruens,
1116 2069 1179 2133 ino-

144 2181 251 2264 probis
271 2201 347 2247 vero
367 2200 444 2247 non·
455 2180 543 2250 item.
562 2179 661 2246 Quod
680 2180 753 2264 ipse
772 2181 915 2247 sentiens
934 2196 1179 2259 oscannum,
1201 2208 1206 2215 ·

149 2315 184 2358 se
201 2293 294 2360 alitor
308 2293 460 2378 expedire
469 2294 620 2372 nescivit,
635 2314 734 2380 quam
747 2293 886 2358 formula
900 2292 1003 2380 ἑτέρα
1017 2288 1061 2365 δὲ
1077 2285 1182 2375 δόξα

149 2412 274 2473 temere·
285 2406 526 2490 interpretenda
542 2406 645 2499 ἑτέρα
663 2402 706 2478 δὲ
723 2399 902 2500 διαγωγή.
1187 2462 1190 2467 -

193 2520 267 2583 Iam
283 2518 493 2589 idemcimile
510 2524 550 2585 ut
566 2520 702 2588 urltcrius
719 2525 945 2606 persequatur,
962 2524 1080 2585 auctor
1093 2520 1183 2587 does

148 2653 218 2698 ram
235 2632 308 2699 eiua
322 2632 583 2717 mittit-partem,
596 2633 715 2720 quippe
733 2633 879 2698 omnium
897 2632 957 2699 sub
977 2633 1093 2701 oouloe
1110 2635 1192 2703 ini-s

147 2766 210 2811 nus
227 2745 394 2813 cadentem
398 2788 409 2824 ,
428 2747 562 2811 alteram
579 2746 627 2812 sio
643 2739 915 2838 expliean’lllln
933 2738 1031 2826 δόξα
1044 2739 1203 2837 ἡλίου,-

148 2855 209 2928 καὶ
226 2851 317 2949 ἄλλη
333 2851 426 2938 δόξα
444 2851 608 2950 afflue,
626 2855 688 2930 καὶ
705 2852 909 2951 ἅλληδόξα
927 2851 1191 2953 [ἔιιτιίιιιιιι·-ἆις-,Ι

149 2962 239 3064 στὴρ
262 2962 336 3064 γὰρ
357 2963 502 3066 ἀστέρος
524 2967 687 3066 διαφέρει
708 2972 750 3044 ἐν
771 2964 867 3066 δόξῃ.
887 2974 908 3039 ‘n
932 2974 1192 3063 aAlius-[csdb

147 3085 288 3167 splendor
310 3087 397 3163 solis,
419 3092 448 3151 et
473 3088 553 3152 aeos
575 3085 718 3168 splendor
742 3087 847 3164 boue,
869 3092 899 3151 et
924 3087 1006 3153 oliuo
1026 3089 1203 3170 splendor.-

148 3200 319 3265 stelloram:
334 3201 421 3265 stello
437 3202 518 3265 rotor
534 3220 556 3265 o
573 3201 660 3264 stello
677 3201 800 3281 differi,
816 3199 899 3283 quod
911 3201 1203 3283 odim-splenduit·-

149 3331 221 3376 rem,
237 3313 291 3379 Sic
305 3313 372 3377 vim
385 3312 636 3397 Praepositionis
650 3313 693 3384 dv
706 3313 788 3377 mihi
803 3313 996 3398 expressisse
1009 3313 1192 3400 videor-alp·i

149 3423 294 3490 Verbum
318 3431 428 3491 autem
454 3423 615 3520 διαφέρει
640 3426 748 3491 minus
770 3426 939 3495 commode
961 3449 981 3491 a
1003 3429 1184 3495 nonnullis

149 3537 293 3602 redditur
307 3545 458 3619 praestat,
473 3561 575 3627 quum
592 3541 652 3605 hae
669 3541 706 3604 in
722 3541 868 3607 oratione
881 3560 949 3607 non
957 3545 1185 3624 ριάειιαιιίίαι.

149 3651 341 3735 splendoris,
364 3653 420 3718 sed
444 3656 603 3719 obuolutis
628 3655 807 3719 eiusratio
828 3653 994 3720 habeatur.
1015 3655 1199 3725 Ceterum:

149 3765 240 3829 nulla
255 3762 309 3830 hic
327 3772 377 3830 est
394 3766 581 3845 difficultas,
601 3767 628 3830 si
647 3767 807 3851 excipitur
823 3766 987 3854 quaestio,
1007 3768 1180 3854 quomodo

149 3884 310 3961 postrema
327 3900 402 3944 cum
419 3879 681 3964 praecedentibus
697 3881 897 3945 cohaereant
913 3880 1010 3945 Nihil
1021 3869 1112 3947 lucis
1126 3889 1179 3947 at·

149 3991 226 4056 tulit
247 4011 508 4071 cuun1rrus,ea
529 3994 564 4058 in
588 3993 779 4059 Parentlresi
803 3993 881 4078 poni
895 3993 1019 4059 iubens.
1038 3995 1180 4063 'lbmoee

153 4160 310 4173 ’,ψ-...ια

184 4264 205 4325 ¹)
224 4266 263 4316 cf.
281 4282 436 4317 urrunnun.
455 4283 480 4330 p.
502 4271 635 4326 155,156.
655 4269 714 4319 item
733 4283 870 4318 sunonem
895 4268 1011 4318 Ἠιιιααν.
1033 4284 1059 4319 v.
1080 4258 1188 4339 bradon·

183 4368 206 4429 ¹)
224 4368 263 4419 (tf.
283 4384 439 4420 usmetun.
459 4374 530 4422 'l'orn
551 4372 584 4421 11.
604 4387 630 4434 p.
649 4375 707 4422 898.
