2656 4890
164 256 226 317 106
442 278 710 321 turturuurnrro
736 280 827 323 vous.
850 264 902 324 24.

161 454 321 512 sectatores
348 467 482 511 euersor
499 449 646 530 fuerunt,
670 468 765 531 qaum
785 450 837 512 itte
857 452 919 513 teor·
933 452 970 512 to
989 457 1075 513 terro
1097 459 1182 529 erut,

161 562 215 625 via
234 559 327 625 uobis
350 568 529 625 monstrata
552 568 601 626 est
622 562 701 625 haee
722 562 903 645 supplendi:
924 556 998 632 εἶτα
1019 557 1061 633 τδ
1073 565 1184 649 -τέδος

160 676 227 746 τοῦ
249 671 529 766 ζωοποιηδὴναι
549 673 660 761 ἔσται,
683 682 721 738 ut
743 696 854 740 sensns
876 675 931 740 site
954 683 1019 740 tam
1040 696 1182 742 eonem

160 789 294 853 motitur
316 789 399 871 qaod
419 788 461 850 od
482 790 697 852 restitutionem
719 791 752 851 ia
768 791 864 852 ottone
877 792 1011 871 pertinet
1027 791 1048 854 i.
1067 812 1094 855 e.
1113 798 1183 857 tom

159 905 251 967 ceteri
271 922 406 966 onmsrr
424 909 598 979 sectatores,
618 904 671 984 qut
689 908 815 967 mortem
835 903 1007 982 uterne,
1026 905 1061 968 ia
1080 907 1182 969 oitorrs

160 1019 363 1081 restituentur.
381 1016 491 1099 Atque
512 1017 559 1080 ita
580 1016 633 1092 fit,
652 1021 690 1079 ut
712 1037 778 1080 non
801 1017 906 1081 solum
923 1019 988 1081 vim
1007 1041 1101 1083 suam
1118 1019 1180 1084 ha·

159 1130 234 1196 beat
251 1130 414 1195 Partieula
433 1124 521 1216 εἶτα,
540 1132 597 1195 sed
614 1153 673 1194 suo
692 1132 790 1195 etiam
808 1132 879 1196 loco
897 1139 981 1197 stare
999 1132 1178 1216 deprehen·

159 1245 255 1309 datur
282 1245 475 1328 principium
501 1245 654 1308 orationis
670 1238 840 1324 Ἕκαστος
868 1242 912 1316 δὲ
941 1247 982 1317 e'r
1010 1246 1063 1338 τῷ
1091 1242 1179 1338 ἰδίῳ
1259 1314 1263 1323 ,

66 1432 72 1442 ,
157 1351 325 1451 τάγματι.
345 1359 452 1424 Quid?
472 1359 560 1441 quod
577 1380 664 1423 nume
682 1360 849 1424 commode
868 1366 1047 1443 sequuntur
1064 1361 1179 1426 verbs:

155 1464 248 1542 ὅταν
265 1466 459 1564 παραδιδῷ
473 1465 542 1562 τὴν
557 1470 744 1561 βασιλείαν
757 1475 809 1563 τῷ
828 1475 921 1564 Θεῷ,
936 1474 964 1538 si
980 1496 1017 1539 ea
1031 1475 1181 1558 proxime

158 1586 318 1670 praeeedit
335 1591 496 1670 postrema
510 1587 619 1650 classis
633 1588 815 1665 hominum,
831 1588 873 1651 ad
886 1609 1022 1672 regnum
1034 1589 1177 1652 cnrirsor

156 1700 399 1782 pertinentium,
415 1699 471 1783 qui
488 1700 524 1762 in
542 1699 641 1763 vitam
659 1702 877 1764 restituentur.
895 1702 930 1765 Si
949 1701 1021 1785 quis
1038 1702 1181 1767 fortasse

106 1807 109 1811 ’
156 1819 262 1896 rogat,
280 1812 338 1877 eur
357 1833 486 1876 ruuuus
510 1814 550 1877 de
571 1813 756 1878 hominibus
779 1834 914 1877 cnsrsm
938 1820 1044 1880 aetate
1065 1821 1178 1899 poste-

157 1927 293 1991 rioribus
315 1949 393 1990 usus
416 1928 458 1991 sit
484 1904 629 1991 formula¹
648 1921 721 1998 otoo
746 1919 786 1997 τό
813 1928 923 2009 τέλος,
945 1950 1011 2012 quu
1030 1931 1181 2011 paucitas

156 2041 273 2125 magis,
301 2064 398 2124 quam
427 2044 531 2124 torpens
558 2044 717 2106 multitado
744 2042 955 2127 significatu,
980 2042 1179 2126 respondeo,

155 2155 348 2239 Apostolum
362 2155 409 2219 ita
424 2155 601 2239 scripsisse,
617 2157 769 2237 quoniam
785 2157 983 2240 opinaretur,
1000 2174 1178 2221 currerim

156 2268 244 2333 brevi
261 2269 440 2333 rediturum
458 2289 536 2334 esse.
557 2269 621 2332 Sed
639 2269 773 2333 fortusse
793 2290 921 2352 quoque
939 2268 1097 2334 vocabulo
1114 2291 1177 2335 no-

155 2382 253 2444 tionis
275 2381 382 2444 minus
405 2380 556 2445 definitae
577 2382 673 2461 τέλος
694 2404 772 2444 usus
796 2389 859 2460 est,
880 2383 1033 2466 quoniam
1055 2384 1085 2448 ei
1107 2384 1178 2448 iem

155 2501 230 2559 ante
249 2494 358 2559 oeulos
377 2493 603 2559 obversabatun
620 2495 669 2572 id,
689 2495 776 2577 quod
793 2518 836 2560 rs.
858 2501 895 2559 51
920 2503 952 2561 et
972 2500 1014 2560 52
1032 2518 1108 2561 eum
1127 2496 1177 2561 le·

155 2608 296 2672 uteribus
327 2609 582 2672 communicavit.
610 2609 760 2674 Ceterum
791 2609 870 2689 haee
895 2609 1034 2674 duonum
1057 2610 1178 2674 revivi-

155 2722 263 2787 scendi
292 2728 474 2806 temporum
504 2722 667 2786 distinctio
693 2723 784 2787 valde
811 2722 917 2789 differt
942 2723 984 2789 ab
1008 2745 1061 2800 ea,
1089 2744 1177 2806 quae

153 2837 248 2918 Apoc.
271 2836 335 2899 XX
357 2835 475 2899 tradite
497 2840 553 2899 est
572 2837 689 2918 Neque
706 2836 750 2899 ad
771 2857 901 2900 eausam
919 2837 988 2901 eius
1001 2836 1174 2921 explican-

154 2949 229 3012 dam
245 2948 386 3012 multum
404 2948 546 3032 proderit
564 2950 764 3033 comparatio
780 2950 893 3014 Motttc.
909 2949 1006 3014 XIX:
1024 2952 1076 3014 28.
1093 2951 1176 3014 Lac.

153 3062 270 3126 XXII:
291 3066 350 3139 29,
370 3065 414 3125 30
433 3065 469 3144 ¹).
1001 3064 1004 3070 '

196 3178 280 3241 Cum
294 3176 556 3260 praecedentibus
571 3184 657 3240 arete
670 3197 815 3241 connexa
827 3197 895 3243 esse
906 3178 971 3243 iam
983 3178 1177 3243 monuimus

154 3290 262 3355 verba:
278 3283 369 3360 ὅταν
386 3287 581 3385 παραδιδῷ
600 3281 669 3379 τὴν
687 3286 875 3378 βασιλείαν
892 3292 946 3381 τῷ
968 3291 1055 3382 Θεῷ.
1072 3291 1176 3356 Prae-

153 3405 249 3482 senti,
259 3405 345 3487 quod
356 3405 492 3488 probant
501 3409 710 3480 niteremur,
721 3403 1173 3481 urrruuus‚wurr1us,huud

112 3531 114 3535 ‘
153 3539 244 3583 secus
255 3518 365 3581 favent
376 3518 449 3581 libri
462 3519 650 3602 Optativum
662 3511 1023 3608 naootttothabenm
1034 3517 1173 3599 (ΒΕΘ),

46 3633 48 3637 ’
152 3632 311 3715 quamalii
323 3633 426 3715 (ΑΒΕ
436 3635 507 3714 eet.)
517 3680 526 3709 ,
535 3633 570 3694 in
579 3630 694 3713 quibus
702 3631 763 3695 hoc
771 3631 877 3714 ipsum
884 3626 1172 3721 appetitui-logie

150 3753 210 3809 tur.
223 3746 351 3809 Nititur
361 3751 469 3809 autem
485 3752 552 3809 tam
567 3745 716 3822 internis,
729 3766 825 3826 quem
841 3745 980 3809 externis
996 3765 1172 3827 argumen-

150 3860 200 3923 tis.
217 3858 355 3924 Librarii
375 3860 460 3922 euim
480 3860 646 3922 Aoristum
664 3854 836 3951 παραδῷ,
856 3859 911 3940 qui
929 3859 964 3921 in
983 3857 1069 3921 Edit.
1091 3859 1171 3925 Ren.

23 3997 25 4001 ’
148 3973 280 4056 legitur,
299 3995 366 4037 nou
389 3973 492 4035 solum
511 3980 712 4056 receperunt,
733 3974 808 4053 quia
826 3973 912 4037 hune
931 3972 1050 4054 requiri
1071 3978 1171 4054 puta-¹

152 4193 308 4203 —-.—-·-

94 4376 97 4385 .
183 4339 204 4400 ¹)
223 4340 268 4388 Gff.
289 4353 399 4386 unsrun.
419 4338 450 4384 ad
468 4339 493 4384 h.
511 4339 529 4384 l.
549 4338 906 4399 etusoou1,Eutsoictretrosp
922 4342 972 4386 oet.
991 4352 1016 4398 p.
1036 4339 1095 4386 349.
