2656 4890
333 290 364 337 ’ν’
407 292 673 376 idratlssr'nnro
699 330 789 376 vans.
813 314 870 388 42,
887 284 946 400 ⁴43.
1004 300 1007 305 ’
1124 314 1180 376 181

155 486 244 583 ipsii'
249 488 363 562 {velta
374 488 481 570 ίίῖίίαι
501 492 601 569 ναίς
582 524 606 588 η
628 490 822 580 ἀνάστασις
843 501 918 571 τῶν
940 501 1081 591 νεκρῶν
1103 499 1185 564 nihil

136 588 346 689 'ltiltfflena
366 606 452 694 qbod
474 610 594 696 prodit,
616 632 690 676 eum
712 618 883 696 utramque
901 611 1018 677 illam'
1008 613 1183 697 maginem

154 713 425 801 immitterent
446 722 487 787 sd
509 726 645 809 primam
668 727 723 808 (rs
744 726 897 809 36-38.)
920 725 1046 791 rediret.
1025 726 1184 810 tNeque

155 826 228 901 ulte
253 834 445 920 intelligitur
473 856 512 902 ex
542 838 688 921 sequenti
717 835 909 931 σπείρεται,
936 838 1023 921 quod
1052 837 1182 923 quidem

159 948 300 1035 petitum
318 956 368 1014 est
385 970 406 1014 a
424 951 546 1015 semiue
560 970 656 1035 supra
670 957 860 1030 memorato,
876 951 932 1017 sed
947 952 1000 1016 oui
1015 952 1092 1016 talio
1107 951 1181 1017 sub-

160 1064 244 1127 ie'ota
269 1067 359 1140 snut,
382 1070 421 1127 ut
444 1062 625 1128 luculenter
645 1069 768 1147 pateat,
792 1062 933 1148 singulas
957 1064 1110 1129 orationis
1133 1085 1181 1129 se-

159 1176 290 1259 quentis
320 1181 426 1260 partes
456 1175 590 1259 singulis
620 1175 813 1273 imaginibus
843 1176 1105 1260 praecedentibus
1131 1197 1181 1242 re-

162 1288 334 1374 spondere,
349 1289 504 1353 haetenus
524 1296 632 1353 tamen
649 1290 774 1354 inverso
790 1289 914 1367 ordine,
930 1296 968 1354 ut
983 1290 1083 1355 altera
1095 1311 1180 1375 pars:

159 1398 340 1496 σπείρεται
365 1439 409 1449 -
432 1393 524 1493 δόξῃ
546 1403 672 1467 tertiae:
696 1398 757 1472 καί
779 1395 932 1492 σώματα
953 1441 996 1450 -
1020 1399 1182 1497 διαφέρει

159 1515 203 1587 ἕν
221 1507 313 1608 δόξῃ
332 1514 537 1599 respoudeat,
553 1516 649 1580 tertia
667 1535 754 1580 vero:
771 1512 947 1608 σπείρεται
965 1554 1010 1564 -
1024 1507 1182 1606 δυνάμει

159 1629 266 1694 alteri:
295 1620 350 1700 Οὐ
375 1631 473 1699 πᾶσα
497 1620 591 1722 σαίρξ
616 1666 661 1679 -·
682 1621 843 1719 ίχθύων.
866 1629 961 1693 Quae
983 1629 1103 1693 ordinis
1124 1649 1181 1694 ne-

158 1741 320 1826 gligeutia
352 1741 393 1805 ab
427 1741 635 1826 epistolarum
665 1742 855 1807 commercio
888 1763 955 1807 non
988 1742 1092 1807 aliena
1125 1749 1181 1807 est.

160 1856 265 1919 Recte
282 1854 383 1938 igitur
400 1874 527 1931 usurus,
547 1872 676 1931 nonos,
697 1873 904 1919 sosvsuosos
923 1854 1054 1939 aliique,
1071 1876 1182 1939 quam-

158 1968 317 2032 viatorio
335 1967 431 2032 modo
449 1989 469 2033 s
486 1968 538 2032 via
556 1967 752 2045 aberrantes)
771 1949 1079 2047 animaduerterunt,
1100 1987 1183 2031 rno-

153 2098 236 2144 umr
256 2100 344 2145 nuno
365 2081 429 2146 tria
444 2081 569 2144 'similia
586 2080 764 2165 applicasse
780 2081 832 2144 ad=
842 2080 1071 2165 disputationis
1089 2102 1182 2164 argu-

157 2199 319 2258 mentum.
343 2193 458 2258 Verbis
482 2213 599 2279 nempe
629 2187 823 2267 Οὕτιοαιαί
847 2185 1088 2283 briodorum
1107 2195 1183 2265 τῶν

152 2308 303 2400 νεκρῶν
324 2307 345 2370 i.
369 2327 395 2372 e.
416 2309 469 2371 Sic
490 2309 583 2372 είίανι
604 2310 720 2373 reddes
741 2314 931 2374 aarum
948 2308 1095 2373 inuitem
1112 2306 1182 2372 bre-

155 2420 361 2523 viloquentia
377 2421 477 2499 inest,
492 2421 620 2504 qualem
636 2422 673 2485 in
691 2442 803 2486 rermn-
816 2427 957 2487 nonnae-³
967 2427 1009 2487 et¹
1018 2421 1108 2505 regni
1123 2422 1183 2487 Di-

156 2533 231 2598 rini
242 2574 245 2581 -
258 2533 497 2618 temperatione
525 2535 649 2601 tritam·
665 2554 735 2600 esse
764 2535 882 2600 dooent
897 2535 1110 2599 MuronIVr
1132 2534 1182 2599 26.

156 2647 270 2710 Iussu.
292 2648 364 2711 Ill:
388 2649 422 2726 8,
455 2648 536 2712 item
558 2649 670 2712 Masta.
692 2647 1182 2726 x111:··as‚31=‚·sa·al.Pur-

154 2758 390 2825 noua-autem
408 2758 468 2832 καί
485 2760 579 2825 nobis
596 2765 768 2840 monstrnt,
785 2760 1023 2860 quomodo-ea)¹
1034 2778 1120 2842 qnae
1133 2780 1182 2825 ne

157 2873 384 2952 massamuti
405 2877 422 2938 1
445 2876 515 2939 Gor.
535 2876 587 2939 II:
610 2877 659 2937 ll.
678 2874 742 2939 IXr
764 2876 807 2937 14
825 2874 963 2956 aliisque·
977 2873 1012 2936 iu
1030 2873 1124 2951 loeis,
1144 2893 1182 2939 ex

157 2980 425 3072 protendentibus
447 2986 624 3072 supplenda
647 2987 721 3051 sint.
739 2987 825 3070 Ergo
849 2986 1053 3064 oratiosnisi
1066 2987 1182 3065 fallor,

159 3098 351 3184 explicanda
369 3106 429 3167 est:
448 3102 500 3165 See
518 3102 634 3165 reditus
652 3106 839 3164 ιιονίαονιιιιι
857 3102 890 3163 iu
905 3101 1001 3164 νὶίαιιι
1019 3100 1184 3182 differtui

151 3212 350 3278 reomense
367 3214 542 3279 eruditione.
557 3214 636 3278 Quo
652 3219 807 3296 tanquam
824 3211 961 3276 introitu
979 3215 1182 3276 auctoratus

160 3331 214 3392 ost
232 3325 277 3390 'ad
294 3340 408 3390 esusas
428 3326 620 3391 discriminis
637 3326 804 3410 utriusque
821 3326 908 3390 sitae
926 3301 1076 3410 deinoeps
1094 3345 1181 3389 eom·-

151 3440 392 3509 memorandas.
420 3440 521 3504 Haud
549 3440 644 3524 longe
669 3440 764 3504 aliter
789 3458 964 3517 conuersa
991 3439 1057 3522 qui·
1073 3443 1214 3504 tamene.

160 3546 261 3617 tonos?¹
272 3553 432 3631 contudit,
450 3552 486 3618 iu
508 3553 626 3637 quibus
643 3553 809 3618 Artimrlus
828 3552 965 3616 Nomini
981 3552 1181 3637 praepositus

149 3658 282 3731 etnon
300 3667 500 3752 praepositus
518 3673 575 3732 est.
595 3668 748 3732 Ceterum
766 3685 989 3742 erumnosus,
1009 3682 1180 3729 semensas

160 3778 282 3862 aliique
304 3778 386 3845 bene
407 3788 615 3857 monuerunt,
634 3781 748 3845 maiori
770 3780 977 3845 distinetione
998 3798 1079 3865 opus
1098 3798 1180 3856 esse,

161 3912 262 3976 quam
278 3893 390 3957 Editio
409 3894 550 3978 Recepta
568 3893 712 3978 aliaeque
730 3893 883 3970 habeant,
897 3894 1070 3976 sequeutia
1079 3889 1182 3963 σπεί-

163 4020 264 4098 ρεται
282 4043 326 4054 -
343 3998 537 4099 ἀφθαρσίᾳ
555 4026 718 4091 perperam
737 4006 882 4070 adhunc
900 4005 1037 4076 eundem
1055 4024 1182 4071 versum

163 4119 347 4187 referentes
368 4120 433 4185 sed
455 4121 563 4186 utt
514 4143 547 4184 rn
549 4121 785 4205 terpretstionis
806 4120 1000 4207 propositae,
1020 4121 1066 4186 sio
1084 4121 1182 4185 etiam

153 4234 263 4298 ‘huius
289 4229 504 4299 distinotionis
530 4234 671 4318 probitas
697 4257 716 4297 a
738 4233 896 4319 probitate
917 4234 1055 4322 pendet
1058 4223 1181 4311 eorum,

163 4355 250 4429 qnae
268 4348 352 4412 iufra
371 4349 479 4431 disput
465 4348 661 4412 tuebuntur
