2656 4890
154 284 195 347 18
407 299 676 347 ruraaraacrcro
702 284 793 349 vaus.
819 284 852 361 1,
876 284 906 347 2.

152 487 246 548 ssve
271 466 366 561 veru
399 465 471 540 aaa
491 459 902 562 λόεσεῦηττελσάσσν
923 460 1021 559 tatu.
1037 488 1174 560 muer·

151 581 238 677 tibus
266 581 447 669 praeposita
478 602 562 660 csse,
594 588 632 646 ut
654 603 750 665 grave
771 603 883 649 corum
908 581 1173 677 penduamsentifl-

150 701 250 787 retro,
279 715 368 761 mera
398 701 447 761 est
474 695 671 773 coniectura,
695 695 784 759 omui
806 700 996 779 argumento
1017 695 1176 780 probandi

148 830 268 877 carens.
300 809 398 875 Quod
431 814 541 874 autem
570 809 626 872 alii
656 808 872 887 contendunt,
896 808 1084 875 traiicienda
1105 790 1183 901 ease¹

150 921 179 993 εἰ
200 921 382 1013 κατέχετε,
401 927 439 986 ut
456 943 531 987 oum
550 921 782 1008 superioribus:
802 913 851 992 δι’
867 911 915 994 οὗ
932 917 994 993 καὶ
1010 904 1183 1011 σώζεσθε

57 1037 61 1044 ’
149 1035 302 1119 coniungi
331 1035 473 1120 possint,
503 1035 623 1120 pendet
652 1057 673 1100 a
701 1035 906 1123 quaestione,
929 1057 972 1101 an
993 1056 1096 1101 nexus
1117 1034 1181 1127 ille

149 1169 258 1215 revera
290 1148 430 1213 auctoris
463 1149 500 1212 in
532 1154 642 1213 mente
674 1147 781 1213 fucrit.
809 1149 861 1211 Ex
889 1148 941 1211 his
970 1140 1181 1232 intelligitur,¹

149 1261 218 1327 ficri
248 1282 376 1348 quoque
405 1282 513 1346 posse,
541 1267 594 1339 ut,
618 1282 693 1326 cum
724 1280 971 1339 earasarcmo,
994 1281 1183 1351 correano,-⁴

151 1393 383 1438 orsurusruro
402 1375 514 1452 etiam,
534 1373 644 1439 verba:
670 1371 744 1446 τίτι
762 1365 862 1466 λόγῳ
884 1364 1174 1467 comet-rodum

148 1478 252 1576 ὑμῖν,
267 1486 296 1557 εἰ
313 1487 477 1579 κατέχετε
494 1488 530 1552 in
548 1486 762 1552 Parenthesin
780 1487 998 1552 conjiciamus.
1019 1487 1084 1553 Sed
1093 1488 1174 1553 huic

149 1599 351 1666 distinctioni
384 1601 515 1686 insuper
548 1601 620 1686 plus
650 1621 716 1665 una
746 1599 854 1665 obstat
885 1600 1067 1667 difficultas.
1084 1603 1173 1667 Nam

149 1713 195 1778 sic
217 1713 349 1800 quidem
370 1715 497 1798 longior
519 1713 700 1789 intercedit,
712 1714 830 1790 oratio,
853 1734 952 1800 quam
970 1719 1009 1778 ut
1036 1735 1172 1802 sequen·

149 1827 208 1891 tia:
228 1819 325 1906 ἐκτὸς
343 1826 372 1897 εἰ
383 1820 442 1918 μὴ
460 1827 534 1917 εἰκῆ
553 1817 776 1899 ἐπιστεύσατε
794 1847 870 1891 oum
889 1826 1169 1911 praecedentibus:

150 1930 202 2011 δι’
226 1929 274 2013 οὗ
294 1936 356 2012 καὶ
376 1933 531 2030 σώζεσθε
555 1939 721 2031 commode
733 1939 886 2023 coniungi
896 1939 1029 2023 possint.
1041 1939 1170 2007 Deinde

150 2073 280 2125 caccus
303 2076 347 2121 vs.
370 2057 408 2132 3,
429 2059 452 2118 4
474 2054 639 2141 perspicue
657 2053 813 2131 declarat,
833 2074 867 2117 se
882 2053 949 2117 iam
968 2074 1065 2137 supra
1082 2053 1175 2119 viam.

149 2187 431 2247 commemorasse,
461 2190 559 2255 quem
587 2168 626 2233 iu
652 2166 810 2237 tradendo
840 2164 1022 2251 Euangelio
1044 2173 1175 2233 seruarc

150 2287 247 2359 esset,
277 2300 379 2370 quum
410 2283 550 2351 eoricho·
578 2286 770 2373 versaretrrr5
801 2279 892 2366 atqui
915 2278 1175 2347 ratiocinationis

149 2393 298 2459 turbatur
322 2394 434 2472 series,
458 2395 576 2460 sihaeo
598 2392 1175 2479 commemoratioinParcnthesipo-

123 2540 125 2546 >
149 2505 245 2571 nica.
264 2507 373 2583 Multo
392 2507 520 2592 longius
538 2528 613 2573 vero
631 2527 788 2573 secururs
806 2512 839 2572 et
858 2527 1037 2571 uarusruu
1055 2509 1099 2591 1),
1110 2507 1172 2573 hcc

149 2620 350 2685 Traiectionc
372 2620 639 2686 commendanda:
655 2617 845 2712 Γτωρίζω,
856 2619 886 2690 εἰ
906 2612 1082 2711 κατέχετε,
1098 2616 1175 2697 τίνι.

148 2723 245 2826 λόγῳ
265 2724 553 2828 εὐηγγελσσάμητ
570 2725 662 2824 ὑμῖν
680 2726 720 2805 τὸ
745 2725 966 2828 εὐαγγέλιον,
984 2726 1007 2802 ὃ
1025 2725 1169 2826 εὐηγγε-

146 2838 306 2936 λισάμην
335 2839 427 2936 ὑμῖν
456 2853 516 2912 cet.
547 2847 587 2913 ab
614 2848 754 2912 auctoris
775 2853 889 2930 mente·
906 2847 1066 2926 aberrare,
1090 2848 1182 2919 hice.

148 2958 214 3022 iam
243 2967 389 3044 apparet,
418 2960 504 3047 quod
531 2952 666 3041 ‚verbum
687 2957 878 3053 γνωρίζω,
899 2966 1012 3027 contra
1039 2982 1174 3055 omnem*

148 3071 303 3155 loquendi
342 3095 438 3143 usum
477 3075 730 3169 interpretantur
760 3077 872 3139 certior
895 3078 970 3161 ficri
998 3076 1089 3140 eelim
1119 3075 1169 3141 vel

148 3187 227 3251 scire
253 3188 360 3271 creato:
392 3208 434 3252 ne
464 3187 582 3267 dicam,
605 3209 733 3255 versum
756 3192 792 3267 3,
816 3189 844 3257 si
865 3187 1036 3273 praecedat
1055 3189 1169 3277 certior

142 3302 217 3384 ficri
237 3302 341 3379 velim,
363 3302 414 3366 vel
430 3303 509 3366 scire
526 3305 631 3385 cupio,
651 3324 691 3366 au
709 3305 847 3380 teacotte,
868 3303 913 3367 sic
933 3298 1082 3389 explicari
1101 3323 1169 3367 non

148 3433 255 3495 posse,
278 3419 317 3477 ut
338 3435 412 3478 cum
437 3436 513 3479 vers.
540 3419 555 3478 1
581 3422 614 3481 ct
635 3418 657 3478 2
684 3415 766 3480 bene
788 3416 965 3482 cohaereat.

194 3525 287 3590 Quae
310 3549 410 3609 quum
431 3528 478 3590 ita
501 3528 581 3605 sint,
605 3528 769 3593 meliorem
792 3529 862 3593 sine
886 3528 985 3593 dubio
1008 3528 1094 3591 viam
1115 3528 1168 3611 irr-

150 3639 249 3721 gressi
271 3646 347 3702 sunt
364 3640 566 3723 interpretes,
591 3641 646 3722 qui
669 3641 764 3705 verba
786 3641 815 3711 εἰ
833 3641 998 3732 κατέχετε
1017 3641 1090 3706 loco
1107 3663 1177 3730 auox

148 3751 343 3835 relinquunt.
356 3755 426 3817 Neo
438 3753 580 3837 plerique
591 3760 701 3819 tamen
712 3755 764 3833 id,
784 3754 870 3838 quod
889 3775 1001 3827 verum
1020 3760 1086 3833 est,
1100 3775 1176 3847 στει-Χ

149 3868 227 3930 nino
250 3868 387 3931 assecuti
410 3888 478 3932 esse
500 3867 656 3932 videntur.
681 3871 769 3932 Nam
780 3869 808 3932 si
819 3888 894 3932 cum
904 3887 1073 3959 ouaururo
1085 3846 1174 3933 hano

151 4001 220 4052 esse
235 3978 370 4047 dicimus
390 3981 543 4047 orationis
562 3986 768 4047 structuram:
782 3977 959 4072 Γνωρίζω
981 3972 1172 4072 optinetur

151 4086 248 4188 λόγῳ
284 4085 573 4188 εὐηγγελισάμην
595 4088 687 4186 ὑμῖν
707 4087 750 4166 τὸ
779 4086 1003 4189 εὐαγγέλιον,
1023 4076 1171 4197 ἓ-σεσςε

185 4345 206 4406 ¹)
224 4347 296 4395 Pauli
313 4347 347 4395 cd
362 4347 471 4396 Corinth.
491 4347 618 4408 epistotae
637 4348 742 4405 Graece,
755 4349 855 4410 pauet.
865 4350 942 4398 aanor
954 4349 1047 4397 illustr.
1063 4346 1128 4396 adh.
1148 4345 1167 4393 1.
