2656 4890
443 290 710 340 rarnuranramo
734 294 825 341 vaus.
850 281 900 341 to.
1134 266 1175 344 57

155 475 270 533 uttum
284 471 413 552 spectet
433 468 577 550 utputa,
601 487 643 529 an
661 467 825 530 onoma.
838 464 922 529 ¹Hoc
945 478 1018 530 vero
1029 458 1085 530 'illi
1097 466 1176 531 t'um

155 592 322 661 murinco,
355 596 509 658 unamm-
535 596 721 656 osrnuuao,
755 598 836 662 quos
866 595 1026 642 cauimus
1057 578 1176 664 aliiqde

154 698 498 771 iamantecessenmt,
521 662 671 776 praeterii
688 690 784 755 iubet
804 691 988 756 coniunctio
1007 691 1174 759 vocabulo-

124 806 127 810 ’
154 799 385 879 nunrm’matr
413 798 579 893 πάντων,
599 809 641 870 et
666 805 736 889 ipsa
762 804 947 889 disputandi
978 805 1070 870 ratio.
1097 806 1175 872 'Nec

154 915 425 987 seneliaco-fuit·
434 919 583 996 iactatio,
607 917 764 1001 siquidem
788 934 918 981 rannus
940 919 976 982 in
998 919 1092 984 variis
1107 920 1176 986 ,imss

153 1034 241 1122 perii
267 1033 406 1099 ¹Romani
432 1031 616 1116 regionibus
640 1031 787 1095 homines
815 1052 853 1096 ex
880 1032 1026 1116 gentium
1053 1039 1174 1098 extera-

153 1166 234 1212 rum
260 1145 488 1232 superstitione
514 1145 556 1209 ad
583 1163 718 1209 cunum
746 1145 1004 1211 communionem
1026 1145 1160 1211 adduxit
1165 1174 1176 1226 ,-

152 1262 260 1328 cetcri
285 1259 433 1345 Apostoli
461 1258 599 1322 Iudaeos
623 1264 752 1322 tamtum
778 1264 949 1324 sectatores
972 1278 1108 1324 oncrum
1129 1261 1175 1326 fe-

153 1379 276 1442 cerunt
298 1374 385 1438 intra
409 1377 561 1456 angustos
587 1371 726 1436 maxime
749 1373 942 1436 Palaestinae
961 1372 1051 1439 fines.
1075 1375 1175 1440 Recte

150 1488 261 1574 igitur
283 1488 422 1572 scripsit,
450 1507 485 1551 se
511 1490 644 1551 cunctos
673 1505 837 1570 superasse
861 1485 896 1550 in
917 1485 1012 1552 rebus
1036 1506 1172 1552 cnmsm

151 1601 365 1688 proferendis.

203 1715 271 1781 Sed
295 1713 421 1781 nasibi
443 1716 577 1799 gloriam
599 1734 749 1799 quaerere
771 1723 965 1796 censeretur,
988 1736 1117 1782 nunnus
1140 1741 1174 1785 se

150 1831 206 1896 sic
230 1829 391 1925 canente
412 1821 491 1902 Οὐκ
513 1819 585 1919 a’yoi
610 1824 668 1915 dd,
693 1820 764 1901 ἀλλ’
791 1821 816 1918 ἡ
840 1821 945 1923 χάρις
968 1834 1037 1904 τοῦ
1065 1832 1173 1919 Θεοῦ,

151 1935 197 2034 7‘7'
215 1934 286 2015 cdv
317 1941 407 2034 ἐμῃί.
439 1944 522 2008 uuis
551 1963 626 2007 vero
656 1942 753 2005 huius
785 1943 938 2007 orationis
971 1965 1083 2010 sensus
1117 1947 1173 2025 sit,

151 2055 235 2120 Viri
251 2057 351 2122 Docti
371 2056 459 2121 inter
478 2078 514 2121 se
533 2055 707 2139 disputant.
727 2055 883 2142 Quaestio
898 2057 964 2120 iam
981 2064 1044 2136 est,
1064 2065 1174 2138 utrum

150 2175 273 2235 auctor
298 2161 505 2259 scripserito‘p
535 2160 606 2240 σὺν
633 2166 731 2258 ἐμοί,
761 2188 803 2232 an
832 2174 961 2233 tantum
993 2162 1065 2242 cuir
1093 2170 1175 2262 ἐμοί

149 2285 231 2349 aine
243 2283 401 2347 ·Artieulo
422 2274 470 2374 ἦ,
493 2303 590 2366 quem
617 2282 765 2366 Vulpatus
785 2283 917 2347 Lattara
938 2302 1013 2348 cum
1033 2284 1173 2350 nonna]-

151 2395 461 2482 lis-Interprctibus
488 2394 692 2479 librariisque'
716 2396 857 2480 antiquis
883 2398 1104 2482 praetermisit.
1129 2374 1182 2466 Er

146 2528 305 2574 nomano
330 2509 435 2574 iudice
458 2510 585 2594 spurius
612 2516 668 2574 est.
696 2509 761 2574 Sed
786 2511 836 2574 uti
862 2511 1057 2595 optimorum
1082 2515 1173 2579 testi-

151 2642 217 2688 um
257 2623 399 2708 plerique
438 2623 467 2688 ei
507 2623 762 2708 patrocinantiu,
800 2624 846 2688 sic
884 2644 1171 2696 mscnnuuourms

153 2737 409 2815 eum-recinuit,
436 2743 469 2801 et
490 2735 647 2800 Codicum
669 2736 913 2821 discrepantiam
935 2759 1082 2804 warmus
1106 2747 1173 2806 tam

153 2851 269 2935 exigui
292 2849 407 2915 habuit
429 2851 595 2935 ponderis,
621 2858 727 2916 utne
752 2851 836 2930 hanc
861 2852 991 2935 quidem
1017 2874 1172 2920 memora-

152 2969 223 3030 ret
239 2964 454 3029 omissionem
476 2984 553 3029 sane
574 2965 652 3028 inde
673 2971 777 3029 ortam
798 2970 892 3049 puto,
917 2965 1002 3051 quod
1024 2968 1094 3048 alii,
1118 2970 1173 3054 qui

152 3097 255 3162 snpra
277 3077 324 3158 etc
348 3078 411 3169 ἐμὲ
436 3098 494 3162 pro
518 3070 543 3168 ἡ
568 3077 613 3157 εἰς
636 3078 699 3167 ἐμὲ
724 3078 912 3158 edidissent,
939 3079 992 3144 hic
1015 3081 1075 3147 sibi
1097 3078 1172 3148 con-

153 3192 502 3257 stmtos'drtiuulum
540 3191 638 3256 etiam
674 3191 816 3256 delerent
822 3218 832 3271 ,·
870 3192 925 3256 alii
962 3212 1000 3257 eo
1038 3192 1172 3260 delendo

148 3305 429 3384 warewellam,
449 3324 498 3370 ne
525 3322 669 3386 riscus,
698 3327 757 3368 sua
779 3324 874 3389 opera
896 3305 1038 3385 exclusa,
1066 3307 1172 3373 omnia

154 3421 232 3485 Dea
258 3418 405 3485 ‘tribucre
428 3419 606 3484 rideretur.
639 3417 763 3483 Eodem
791 3417 925 3483 consilio
953 3419 1048 3499 moti,
1077 3421 1174 3487 multi

154 3529 214 3596 ab»
232 3524 367 3616 antiquo
388 3535 594 3617 =Interpretea
623 3531 719 3598 verba
743 3523 812 3604 οὐκ
837 3524 908 3625 ἐγώ
934 3528 991 3620 δὲ,
1019 3525 1089 3606 αλλ’
1118 3557 1174 3621 per

153 3643 312 3729 ntupum·
328 3646 448 3731 scripta
479 3666 548 3711 casa
581 3645 813 3711 contenderunt
846 3667 904 3731 pro
936 3639 1005 3719 οὐκ
1034 3632 1104 3742 ἐγώ
1131 3644 1173 3721 dd

153 3749 288 3849 μόνος,
314 3750 402 3831 ἀλλὰ
427 3757 497 3831 καί.
524 3759 622 3825 (duod
647 3761 718 3843 quis
747 3760 882 3825 fortasse
911 3759 1080 3826 mirabitur
1107 3762 1173 3826 iam

154 3878 378 3937 commentum
414 3894 484 3938 esse
520 3892 755 3952 aaausmuun,
793 3896 893 3958 quum
925 3880 1067 3939 notaret:
1101 3860 1179 3939 Nou¹

154 4002 212 4069 eqo
226 3993 339 4050 ‘cutem
364 3988 385 4050 t.
410 4008 434 4050 e.
464 4006 524 4050 nou
549 3989 645 4065 vara,
675 3989 730 4051 aed
753 3989 858 4071 qratia
887 3990 948 4054 Det
976 4008 1099 4052 mecum.
1124 3987 1174 4052 Ac

149 4102 297 4184 partor
323 4121 377 4164 uec
399 4104 504 4184 motio
529 4103 589 4166 Det
613 4103 691 4179 solu,
719 4122 773 4166 uec
797 4104 861 4185 ipse
881 4105 975 4181 solue,
998 4102 1052 4166 sed
1069 4104 1174 4186 pratia
1292 4120 1294 4125 ’

154 4213 233 4277 Dei·
248 4230 316 4277 cum
344 4215 403 4278 tuo.
429 4215 500 4281 Nec
524 4235 634 4301 reapse
659 4216 735 4280 hinc
762 4216 987 4294 discesserunt,
1015 4210 1174 4300 quotquot

154 4327 463 4412 interpretabantur:
496 4351 556 4395 coc
584 4338 646 4395 tam
676 4351 745 4414 epo,
773 4352 879 4415 quom,
906 4331 956 4396 rel
981 4329 1173 4416 Apostolum
1199 4359 1200 4363 ¹
