2656 4890
446 291 604 366 11111011
629 323 674 364 111
698 323 869 366 1111111111.
1132 331 1166 373 111

146 487 226 574 nia,
257 509 339 571 quae
369 489 456 553 hisce
487 486 598 554 diebus
623 491 658 552 in
688 491 812 573 generis
843 490 974 555 humani
1005 494 1108 559 sulute
1135 505 1167 561 et

146 600 370 686 amplificanda
396 608 429 666 11
459 602 677 667 confirmanda
699 605 878 686 pervarias
902 613 1059 670 terrarum
1081 611 1163 693 regi-

148 735 226 779 ones
248 714 407 798 variisque
427 715 532 780 modis
554 721 707 799 occupata
729 721 793 794 eat,
818 718 889 800 quis
912 738 971 802 ego
994 741 1082 798 sum,
1110 725 1166 806 qui

146 829 312 917 explorare
329 829 467 912 queam?
486 831 529 893 In
539 829 623 892 hanc
634 835 732 907 certe,
745 830 837 893 cuius
850 829 1070 896 defensoribus
1084 840 1165 898 tem-

147 963 209 1027 pus
224 947 311 1025 eget,
327 962 434 1006 rerum
445 962 605 1006 sacrarum
616 962 745 1006 11111111
757 964 824 1006 non
835 943 970 1025 quadrat
981 944 1165 1026 arbitrium,

146 1057 241 1139 quale
256 1057 335 1120 olim
352 1055 394 1119 ad
411 1056 484 1121 lites
500 1059 696 1122 Graecorum
716 1056 909 1122 dirimendas
920 1061 1166 1144 Amphictyoni-

146 1169 208 1234 bns
224 1169 367 1234 delatum
379 1175 434 1234 ost.
449 1170 513 1234 Sed
524 1190 622 1253 quam
640 1171 800 1254 praeclare
810 1192 885 1235 cum
896 1173 1080 1238 hominibus
1091 1195 1165 1258 age

145 1288 237 1347 retur
257 1303 377 1347 nomen
399 1303 534 1346 cna1sr1
547 1283 786 1368 profitentibus,
800 1285 827 1348 si
838 1306 1023 1369 supremum
1035 1287 1172 1370 aliquod.
1254 1368 1257 1375 .

147 1395 297 1460 existeret
326 1395 514 1474 concilium,
545 1398 580 1460 in
610 1418 675 1480 quo
700 1397 760 1460 viri
784 1396 928 1462 doctrina
951 1406 984 1463 ct
1005 1399 1165 1484 probitate

144 1509 284 1574 maxime
304 1510 462 1592 insignes,
486 1510 572 1574 salva
594 1510 768 1593 unicuique
786 1511 946 1576 sentiendi
957 1514 1164 1578 sententiam-

144 1641 209 1704 qne
237 1620 364 1686 dicendi
386 1620 548 1701 libertate,
569 1644 681 1707 pacem
704 1629 737 1687 et
759 1624 961 1689 concordiam
983 1628 1163 1690 tuerentur!

189 1738 235 1799 At
256 1735 335 1818 quid
357 1735 444 1817 quod
465 1742 541 1800 11111
563 1735 659 1821 pedes
682 1743 731 1800 est
752 1738 862 1820 procul
880 1740 1021 1821 quaero?
1051 1740 1164 1805 Donec

143 1850 229 1913 inter
250 1849 396 1913 homines
415 1850 573 1913 variarum
591 1850 730 1934 partium
753 1851 818 1915 tuis
841 1852 981 1936 scriptis,
997 1853 1163 1918 Excellon-
1206 1887 1213 1897 ·

142 1963 267 2026 tissime
278 1964 405 2026 11111111
429 1984 508 2028 suus
529 1964 591 2028 erit
612 1964 730 2041 honos,
753 1965 954 2047 ignorantiae
972 1967 1122 2051 contagio
1144 1987 1164 2030 a
1291 1958 1294 1962 ’

142 2075 337 2159 'theologiae
359 2075 476 2141 finibus
495 2077 566 2141 sinc
587 2075 686 2141 dubio
708 2076 874 2142 arcebitur.
889 2080 959 2142 Tua
978 2100 1076 2162 quam
1094 2101 1161 2145 ma-

142 2190 244 2266 xime,
263 2190 433 2273 quinquies
445 2190 546 2269 edita,
559 2192 776 2255 Grammatico
787 2190 942 2256 librorum
953 2193 1040 2255 Novi
1051 2195 1162 2257 Testa·

143 2303 261 2380 menti,
275 2302 391 2386 quibus
404 2305 508 2368 omnis
519 2304 694 2370 Doctrinae
705 2304 905 2369 Christianae
917 2306 1076 2370 elementa
1085 2327 1162 2371 oon-

144 2417 299 2494 tinentur,
314 2417 491 2501 legitimam
501 2418 799 2502 interpretationem
809 2418 850 2482 ab
860 2419 1161 2503 imperitorumlibi-
1214 2508 1219 2513 ‚

143 2530 235 2608 dine,
247 2531 332 2614 apud
344 2537 488 2615 posteros
499 2531 612 2609 etiam,
631 2531 815 2596 vindicabis.
838 2533 925 2596 Mihi
936 2538 1045 2597 autem
1058 2533 1161 2616 qualis

142 2649 347 2727 quantusque
368 2651 406 2709 tu
427 2645 614 2710 adsensum
636 2646 818 2711 Literarum
838 2649 1007 2710 Sacrorum
1028 2647 1160 2710 investi-

140 2758 283 2843 gandum
294 2758 360 2822 dux
371 2765 404 2824 et
415 2758 545 2843 adjutor
554 2759 615 2836 sis,
627 2760 680 2824 hic
690 2759 759 2842 ipse
769 2757 829 2823 tibi
840 2759 1049 2823 multifariam
1060 2765 1159 2824 testa-

140 2871 229 2936 bitur
249 2872 514 2937 Commentarius.
539 2871 649 2936 Sicubi
668 2872 709 2936 de
726 2873 792 2948 via,
812 2871 1159 2937 lectoribusatemon-

141 2991 256 3064 strata,
275 2985 442 3089 paululum
465 2985 698 3051 deflectendum
716 3006 785 3050 esse
800 2986 928 3062 monui,
945 2992 978 3050 te
989 2985 1160 3051 candorem

139 3120 249 3163 meum
260 3082 468 3184 probaturum
480 3120 549 3164 esse
567 3099 707 3175 confido,
732 3100 858 3163 etiamsi
871 3099 1041 3183 disputatis
1059 3101 1159 3163 inter-

139 3213 224 3288 sint,
248 3233 330 3296 quae
351 3212 559 3297 improbanda
582 3232 719 3276 censeas.
743 3213 906 3275 Maiorum
931 3232 1020 3276 more
1043 3212 1160 3276 Latine

139 3315 276 3391 scribere
294 3333 423 3391 coactus
435 3348 520 3404 sum,
543 3326 605 3390 11111
628 3331 751 3390 exteros
769 3326 869 3389 latere
891 3324 1052 3402 volebam,
1076 3345 1159 3407 quae

140 3438 183 3502 ad
201 3439 356 3504 celebrem
379 3441 465 3504 huno
483 3440 570 3504 Novi
589 3440 786 3504 Testamenti
808 3439 915 3503 locum
933 3438 1160 3502 illustrandum

141 3558 324 3618 tentassem.
347 3554 525 3618 Familiaris
549 3555 635 3619 enim
657 3554 812 3619 sermonis
842 3553 1002 3618 vernaculi
1025 3572 1159 3618 consue-

139 3666 221 3730 tudo
251 3668 304 3732 vix
326 3674 416 3732 extra
438 3674 590 3751 angustos
617 3667 778 3751 egreditur
800 3667 895 3744 fines,
931 3665 1048 3749 quibus
1078 3667 1157 3730 haec

138 3780 244 3864 patria
264 3802 336 3845 mea
346 3781 583 3866 circumscripta
593 3787 651 3847 est.
675 3779 773 3845 Quod
791 3781 841 3844 uti
852 3785 885 3844 11
904 3796 971 3843 non
989 3778 1087 3862 fugit,
1112 3779 1159 3842 ita

137 3912 193 3957 me
214 3892 353 3958 ubertim
374 3894 484 3958 docuit
502 3894 711 3979 experientia,
738 3915 839 3977 quum
858 3892 1158 3969 animadverterem,

137 4006 290 4071 notitiam
319 4007 555 4091 plerorumque,
585 4027 672 4092 ,quae
701 4012 936 4072 commentatus
963 4026 1082 4081 essem,
1116 4005 1157 4068 iis

139 4120 252 4196 etiam,
284 4142 365 4203 quae
386 4121 500 4185 ceteris
523 4121 648 4204 potiora
678 4119 851 4196 ducebam,
886 4116 973 4182 haud
1004 4118 1157 4202 exceptis,

137 4232 273 4298 ulterius
295 4255 362 4299 non
383 4242 574 4319 penetrasse.
595 4235 798 4318 Quapropter
815 4233 843 4296 si
861 4232 942 4296 mihi
962 4231 1090 4295 dabitur
1107 4229 1155 4295 ia-

135 4347 239 4413 cultas
261 4347 296 4412 in
318 4347 463 4414 ordinem
485 4347 663 4432 redigendi,
695 4368 777 4430 quae
799 4367 894 4431 supra
917 4344 957 4408 ad
981 4344 1155 4426 editionem
