2656 4890
599 305 740 348 lumem.

170 558 320 629 Taceat
345 550 415 629 ὑπὸ
442 551 524 639 τούς
545 553 667 640 πόδας.
691 563 781 626 Haec

205 672 356 735 similiave
399 671 536 736 formula
581 674 614 736 in
659 676 701 737 N.
747 678 781 738 Τ.

205 782 324 867 ubique
346 783 386 848 de
407 786 472 849 Deo
495 785 618 850 dicitur.
680 838 686 849 .
777 840 782 850 .
874 841 880 851 .
928 793 1100 867 113,114.

166 874 298 981 Τοῦτο,
336 898 363 960 ai
403 897 587 981 copulatum
625 907 673 962 est
709 921 783 964 eum

203 1000 274 1094 ὅτι,
297 1008 406 1074 referri
432 1008 526 1075 debet
547 1010 588 1074 ad
610 1014 784 1094 sequentia.
875 1066 880 1077 .
972 1067 978 1078 .
1027 1019 1099 1079 208.
1211 1082 1215 1089 ,

233 1171 254 1199 ,,
333 1127 503 1206 usurpatur
524 1117 710 1205 δεικτικῶς.
778 1177 784 1188 .
876 1179 881 1190 .
971 1180 978 1190 .
1028 1131 1099 1192 226.

234 1284 255 1310 „
330 1228 374 1304 δέ
396 1257 502 1329 φημι.
529 1237 637 1302 Huius
662 1238 781 1302 formu·
904 1261 906 1265 ·

205 1347 253 1410 lae
275 1368 317 1431 po
318 1353 416 1411 testae
418 1399 979 1415 .......
1025 1357 1098 1417 208.

166 1452 246 1538 Υἱός
269 1452 337 1549 (ὅ),
359 1460 458 1524 Filiae
479 1461 572 1526 Dei
539 1513 880 1528 .....
925 1467 999 1542 125,
1026 1467 1097 1529 126.

114 1550 123 1570 ⁸
151 1564 252 1665 Ὑπέρ
274 1572 406 1637 ubinam
428 1576 526 1638 locum
547 1576 786 1641 indicet..
876 1580 1097 1642 ..136.

201 1735 223 1763 ‚‚
290 1707 383 1771 saepe
426 1709 500 1752 cum
546 1689 696 1754 Genitivo
738 1691 780 1753 ui-

203 1800 333 1882 gnificat
373 1801 416 1862 ad
453 1801 586 1880 laudem,
627 1805 780 1880 Ιιιιιονιιιι,

203 1914 483 1977 commendationem
505 1916 633 1979 alicuius
634 1966 977 1979 .....
1026 1919 1097 1980 139.

202 2074 223 2103 ,,
292 2025 376 2089 Vide
396 2023 486 2118 περὶ.
587 2079 592 2090 .
876 2081 881 2092 .

163 2137 249 2201 Vuae
280 2138 415 2219 futurae
454 2145 581 2224 tempua
619 2139 779 2239 quomodo
867 2142 870 2146 ’

202 2249 346 2315 inlibris
368 2253 411 2315 N
434 2254 468 2316 Τ
491 2253 688 2337 propositum
710 2254 781 2318 ait.
871 2304 876 2316 .
966 2305 972 2316 .
1063 2257 1171 2338 8sqq.

166 2356 437 2457 Ψευδομάρτυρ.
483 2366 591 2430 Huius
636 2365 779 2431 vocabuli

200 2478 299 2542 notio
386 2530 392 2540 .
483 2530 488 2541 .
579 2530 585 2540 .
676 2531 681 2540 .
773 2530 778 2541 .
868 2530 875 2541 .
967 2481 1095 2575 73274.

147 2581 257 2660 Ώστε
290 2590 424 2655 inservit
455 2591 496 2656 ad
529 2591 779 2657 concludendam

201 2704 510 2786 argumentationem
543 2704 696 2789 longioris
730 2726 778 2769 ae-

200 2815 256 2877 riei
260 2866 971 2880 .........
1032 2820 1104 2880 243.

576 3137 755 3164 —oouoe-

462 3426 866 3491 OORRIGENDA.

197 3837 290 3900 Quae
311 3837 426 3902 vitiose
447 3857 593 3921 expressa
615 3847 703 3917 sunt,
724 3839 772 3901 nti
795 3860 814 3902 a
836 3837 992 3922 principio
1017 3855 1172 3901 ananau.

152 3967 286 4012 amcnn
309 3971 440 4028 nomen,
460 3953 577 4017 Lector
598 3951 769 4017 benevolus
787 3952 856 4036 ipse
874 3951 1019 4034 corrigat.
