2656 4890
454 324 721 368 rurnnrnersrro
747 327 837 370 vurs.
861 311 912 371 24.
1121 315 1177 376 lll

161 517 221 580 per
244 495 437 559 Porticulom
460 493 520 565 καί
543 497 728 559 iunctorum
747 497 862 573 fuisse,
883 498 931 559 uti
950 497 1071 562 factum
1091 520 1180 584 repe-

162 611 266 674 rimus
285 610 360 672 Luc
380 610 445 672 Vl:
467 611 518 672 22.
538 609 622 673 XII:
644 613 703 687 54,
723 615 765 672 55
786 614 822 693 1).
843 611 928 693 Ilrgo
948 632 1048 694 quum
1067 614 1185 679 scribe-

162 731 215 788 ret
239 715 330 793 ὅταν
359 716 584 817 καταργήσῃ,
612 744 668 807 per
696 717 851 815 ὕστερον
879 718 1071 818 πρότερον,
1099 730 1185 810 quod

162 838 273 901 minus
291 837 419 920 elegans
438 857 508 900 esse
525 837 681 912 concedo,
700 837 874 920 praedixit,
894 839 1087 904 adversarios
1109 860 1190 924 quo.

163 954 323 1032 motuque
331 952 363 1014 oi
372 971 430 1013 ιαα
442 951 615 1014 destitutum
626 953 682 1028 iri,
689 953 873 1033 primquam
886 972 1049 1017 cnmsrus
1060 975 1186 1037 ceptum

162 1066 230 1127 Deo
253 1072 281 1127 et
303 1065 396 1126 Potrt
417 1064 531 1126 tradat.
552 1064 640 1127 Illud
662 1071 771 1128 autem
794 1059 1020 1158 καταργήσῃ,
1040 1070 1187 1150 quaestio

162 1184 230 1253 cst,
253 1183 363 1240 utrum
384 1178 484 1239 Deum
506 1182 644 1260 spectet,
667 1200 710 1241 an
737 1198 917 1243 cnmsruu.
941 1182 985 1244 Et
1012 1201 1185 1244 cunrsruu

162 1288 296 1374 quidem
308 1290 445 1375 spectari
456 1291 552 1373 vulgo
564 1297 697 1354 sumunt
708 1287 913 1377 interpretes.
926 1293 1116 1372 Berconum,
1130 1298 1185 1378 qui

163 1403 305 1487 intelligi
326 1403 422 1466 iussit
442 1395 463 1471 ὁ
491 1396 588 1489 (tede,
608 1425 682 1467 cum
705 1424 858 1468 suunuuo
878 1406 1013 1490 aliisque
1032 1429 1067 1470 se
1085 1429 1185 1494 oppo-

161 1517 217 1581 nit
235 1537 420 1593 osmundo,
435 1517 592 1603 imprimis
606 1539 783 1603 provocans
798 1519 840 1583 ad
854 1521 1039 1585 Pronomen
1052 1512 1183 1607 αὐτόν,

162 1653 230 1715 quo
248 1653 293 1694 vs.
313 1633 355 1695 25
376 1650 539 1694 cnersrus
560 1631 741 1695 denotatur.
759 1632 824 1696 Sed
838 1634 900 1697 hoc
915 1635 1098 1699 Pronomen
1115 1656 1184 1699 ver-

161 1745 216 1810 bis
237 1740 296 1815 <let
314 1736 386 1835 γὰρ
408 1737 630 1832 βασιλεύειν,
653 1746 807 1828 quoniam
826 1767 865 1810 eo
883 1768 990 1812 carere
1008 1769 1075 1812 non
1093 1755 1184 1834 pote-

160 1865 253 1936 rant,
268 1858 465 1943 adscriptum
483 1866 533 1922 est
551 1860 719 1942 multoque
734 1860 836 1943 magis
852 1861 990 1938 iudicat,
1007 1863 1185 1927 orationem

159 1972 205 2038 ed
228 1973 401 2037 Subiectum
423 1973 492 2037 eius
513 1974 534 2035 i.
558 1993 584 2037 e.
608 1971 650 2036 sd
672 1992 847 2036 cnmsruu
873 1975 999 2052 reduci,
1023 1998 1120 2058 quam
1143 1977 1184 2040 ad

157 2088 249 2150 hunc
267 2087 366 2151 etiam
386 2086 520 2151 verbum
542 2079 754 2179 καταργήσῃ
775 2087 943 2172 pertinere.
963 2089 1183 2153 Quemadmo-

159 2201 241 2264 dum
258 2207 369 2265 eutem
386 2201 481 2265 variis
500 2201 535 2264 in
553 2201 633 2264 locis
650 2201 692 2264 ad
709 2201 928 2264 Praedicatum
946 2200 1081 2264 membri
1095 2202 1182 2287 prio-

157 2314 205 2378 ris
219 2314 366 2379 Verbum
378 2314 513 2380 membri
528 2315 713 2401 posteriori·
727 2314 929 2380 referendum
945 2320 1008 2392 est,
1023 2316 1073 2379 uti
1093 2318 1180 2379 Rom.

157 2429 246 2492 VII:
265 2431 293 2492 l.
312 2431 326 2491 l
349 2430 418 2492 Cor.
434 2429 518 2492 VII:
536 2431 580 2503 36
596 2431 640 2510 ²),
656 2428 703 2492 ito
717 2429 805 2491 haud
820 2448 892 2491 raro
906 2428 1076 2514 scriptores
1092 2431 1180 2493 Novi

157 2543 359 2607 Testamenti
380 2563 499 2606 nomen
521 2544 581 2606 Dei
602 2541 774 2606 lectoribus
801 2542 1016 2628 supplendum
1042 2543 1180 2626 relique-

158 2661 246 2718 runt.
267 2654 352 2719 Vide
376 2657 438 2720 eor.
462 2658 495 2720 I:
519 2659 604 2719 19.1
632 2657 738 2718 Ισσαα.
763 2658 808 2719 V:
831 2658 881 2719 16.
901 2656 966 2719 loe.
990 2656 1180 2732 1:12,ubi

159 2774 249 2832 recte
261 2768 362 2832 edidit
375 2789 677 2833 urscununoerrus:
689 2762 737 2839 ὃν
752 2767 983 2862 ἐπηγγείλατο
998 2777 1072 2848 τοῖς
1085 2760 1183 2863 ἀγα-

163 2883 285 2952 πῶσιν
302 2873 418 2955 αὐτόν
438 2886 475 2967 ³).
495 2883 585 2949 Quid
607 2904 681 2948 vero
704 2885 829 2949 facilius
853 2889 916 2960 est,
936 2882 1033 2966 quani
1053 2884 1095 2947 ad
1113 2904 1182 2949 ver-

163 2996 245 3060 bmn
263 2991 474 3089 καταργήσῃ
494 2998 719 3084 explicandum
737 2998 916 3081 intelligere
929 2999 1013 3060 Deus
1027 3004 1056 3060 et
1070 2999 1182 3074 Pater,

158 3110 254 3176 cuius
273 3112 537 3176 commemoratio
551 3113 696 3198 proxime
710 3111 891 3197 praecedit?
909 3112 998 3175 Infra
1013 3131 1056 3175 vs.
1072 3113 1115 3174 27
1131 3112 1181 3173 ni-

158 3224 212 3287 hil
227 3224 330 3289 -huiuo
345 3227 469 3308 generis
487 3226 664 3312 praeeedit,
681 3231 714 3290 et
730 3225 777 3290 ibi
796 3231 905 3290 tumen
920 3224 1015 3288 verbo
1030 3217 1182 3304 ὑπέταξε

157 3338 263 3401 Deum
280 3337 391 3401 induci
405 3339 514 3402 omnio
529 3339 664 3424 pedihus
681 3359 816 3402 cumsm
832 3338 1070 3415 subiicientem,
1086 3359 1182 3402 nemo

158 3506 321 3519 ‘mu—

198 3614 221 3677 ¹)
237 3608 277 3663 lta
296 3628 434 3663 neuosrsr.
454 3612 555 3675 Olynth.
576 3615 614 3662 Ill
636 3614 816 3676 sicincipiens:
839 3609 907 3678 Οὖχὶ
928 3606 1006 3661 ταῦτὰ
1027 3614 1183 3680 παρίσταταί

155 3712 209 3758 μοι
228 3686 369 3758 ystriensem,
392 3687 454 3742 ὅταν
475 3710 504 3741 τε
521 3691 557 3749 εἰς
576 3686 609 3741 roi
629 3686 767 3760 πράγματα
788 3687 942 3757 α’πσβλέψω,
959 3691 1007 3739 ’καὶ
1032 3684 1094 3740 ὅταν
1116 3684 1180 3757 πρὸς

155 3765 221 3827 τοὺς
239 3765 340 3839 λόγους,
358 3765 400 3829 οὓς
418 3767 509 3822 ἄκου’ω.

193 3876 217 3941 ²)
235 3875 289 3935 lbi,
307 3881 336 3925 ut
354 3877 467 3926 Editores
486 3878 622 3941 orationem
641 3877 721 3925 minus
741 3881 808 3924 recte
827 3875 1006 3932 distinxerunt,
1027 3874 1061 3922 sic
1080 3887 1180 3922 sensum

152 3956 211 4005 eius
227 3942 278 4002 non
295 3956 401 4004 assecuti
417 3961 475 4004 sunt
492 3957 652 4017 Interpretes.
672 3954 753 4004 Verba
770 3954 805 4002 sic
822 3953 994 4016 distinguendo
1011 3957 1079 4001 runt:
1098 3949 1135 4000 nt
1151 3947 1182 4000 δέ

151 4052 195 4090 τις
210 4050 244 4070 -ι
255 4029 413 4101 ὑπέρακμος,
429 4035 472 4082 καὶ
488 4026 565 4089 οὕτως
579 4029 674 4098 ‹iqietler
688 4036 804 4098 γίνεσθαι
818 4027 834 4082 8
847 4033 928 4094 etot,
943 4033 1056 4081 ποιείτω.
1070 4033 1179 4080 Pennus

152 4117 244 4165 autem
265 4112 313 4162 sihi
336 4115 424 4179 poluit:
444 4115 470 4162 St
490 4115 545 4175 quis
565 4129 620 4163 vero
639 4140 672 4147 -
691 4114 863 4160 maturitatem
883 4127 993 4176 opressa,
1011 4113 1036 4158 et
1056 4112 1078 4158 ri
1097 4126 1126 4159 re
1141 4112 1179 4160 ita

150 4194 303 4255 comparata
313 4192 375 4257 fleri
393 4195 490 4255 oportet
508 4193 574 4254 quod
592 4193 644 4254 [eo]
665 4194 731 4250 outt,
750 4193 794 4240 boc
810 4193 853 4239 ille
865 4191 961 4252 saciat.
980 4191 1028 4238 Off.
1047 4204 1109 4252 quae
1128 4191 1177 4239 dis·

151 4271 245 4335 putavi
258 4271 284 4320 iu
298 4273 430 4337 Bydraqen
446 4274 484 4320 tot
497 4273 547 4321 beo.
562 4287 608 4321 ααιι
620 4273 685 4333 Btjb.
704 4272 806 4334 Uitlepk.
820 4273 890 4319 Tum.
903 4271 951 4319 Ill.
963 4269 1030 4318 Pars.
1044 4273 1067 4318 2.
1082 4285 1106 4331 p.
1120 4271 1177 4319 332.

192 4377 217 4439 ³)
236 4374 277 4424 Cf.
296 4390 401 4424 wrusu.
421 4392 445 4437 p.
465 4376 526 4433 427,
544 4377 601 4424 660.
