2656 4890
398 306 666 350 russurrensis
692 306 782 349 vrrs.
806 291 858 349 34.
1077 292 1139 352 159

123 475 325 541 Vocabulum
352 466 535 565 ἀγνωσία,
560 474 648 557 quod
678 475 755 538 sutis
781 474 965 557 frequenter
990 476 1024 540 in
1051 475 1140 543 libris

119 590 277 653 Veterum
299 588 431 671 legitur,
451 588 582 654 reddere
603 587 690 652 mele
712 587 831 652 Lstino
852 591 1023 668 iuuenis,
1043 611 1140 672 quern

115 703 300 786 ipmrsutio.
324 700 449 765 Eodem
475 700 586 778 modo,
610 700 637 764 si
664 701 772 764 minus
799 704 820 764 3
845 702 947 765 Mose.
975 705 1018 767 V:
1043 705 1095 766 27.
1121 707 1137 766 l

118 817 183 879 Pet.
211 814 263 879 H:
290 817 346 892 15,
369 820 456 878 eerte
483 815 556 897 Sap.
584 814 648 878 Sol.
672 812 777 878 XIII:
805 817 839 893 1,
862 814 919 881 ubi
941 815 1076 900 legimus
1099 815 1142 881 de

117 926 304 993 hominibus
333 933 451 991 nstsue
481 926 585 991 vanis:
613 919 667 1006 οἷς
694 928 817 1018 παρῆν
845 927 940 999 Θεοῦ
965 920 1142 1021 ἀγνωσία.
1234 991 1236 995 ,

119 1042 237 1124 Itaque
259 1040 395 1104 Graeca:
416 1029 607 1133 ἀγνωσίαν
628 1031 702 1133 γὰρ
726 1040 820 1112 Θεοῦ
837 1062 930 1122 τινες
946 1040 1072 1133 ἔχουσι
1090 1043 1139 1107 in-

117 1159 288 1238 terpretor:
310 1154 501 1217 οαοαὶοοίίαω
522 1154 603 1217 euim
624 1154 684 1217 Dei
705 1154 831 1237 quidum
852 1155 970 1218 tabent
993 1155 1142 1220 Quodsi

118 1266 308 1351 explientsrr:
326 1271 397 1328 sust
418 1267 500 1330 esim
519 1266 661 1348 pudore,
682 1268 736 1349 qui
754 1267 906 1344 οαοὶοοτ,
925 1270 1025 1350 qualis
1042 1288 1141 1352 qusu-

119 1388 225 1463 tssqse
239 1379 353 1444 uirtsste
366 1379 451 1443 Deus
463 1381 519 1457 sit,
534 1377 649 1443 eodem
662 1378 730 1444 lere
743 1379 829 1443 redit
843 1379 1021 1445 admonitio
1037 1400 1141 1446 usum

119 1514 157 1558 se
174 1492 298 1556 dietum
318 1510 395 1556 issu
414 1493 528 1556 Mum.
543 1489 661 1556 XXII:
678 1492 730 1557 29.
744 1491 791 1557 Et
804 1492 959 1559 haetenus
974 1499 1061 1559 reete
1074 1495 1141 1558 ism

120 1624 375 1684 mnonosrrus,
390 1625 531 1689 quonum
539 1605 754 1670 eonsentiunt
768 1625 949 1685 iussurus,
965 1627 1138 1672 rusornr-

118 1738 245 1801 necrus
263 1725 298 1785 et
314 1719 459 1804 plerique
477 1719 690 1802 interpretes,
706 1718 806 1785 etism
819 1721 1025 1786 recentiores:
1045 1723 1142 1795 Θεοῦ

115 1825 276 1926 ἄγνοιαν
296 1835 358 1924 τῆς
378 1822 607 1911 ἀναστάσεως
627 1823 697 1920 σὴν
713 1823 886 1905 namur
902 1827 1052 1907 ἐκάλεσε.
1073 1837 1139 1901 Qui

116 1948 384 2031 interpretantur:
403 1947 520 2011 nuum
536 1945 596 2008 Dei
614 1945 723 2008 habeut
740 1949 940 2012 reuerentiam
957 1949 1008 2013 vel
1027 1949 1138 2013 simili·

115 2065 184 2139 ter,
204 2059 295 2143 -quod
318 2078 447 2125 suusne
470 2059 569 2123 etium
590 2057 728 2143 placuit,
751 2059 989 2144 Metonymiam
1010 2062 1045 2125 in
1069 2036 1138 2126 uru-

116 2172 244 2239 nonem
283 2157 360 2237 inde
384 2172 533 2237 elimam
564 2171 743 2256 important
766 2171 900 2255 n'usque
925 2194 1045 2239 uenum
1069 2181 1139 2242 tur·

116 2285 207 2352 bunt.
239 2287 425 2351 Pronomen
460 2284 550 2368 quod
585 2285 704 2349 attinet
738 2305 845 2373 τινας,
868 2305 1072 2353 Ιαῐαοοοοσο
1105 2295 1139 2353 et

117 2416 369 2476 onsssussruo,
387 2399 446 2483 qui
467 2418 507 2464 eo
528 2400 607 2463 ulios
624 2399 759 2485 emises
773 2418 874 2485 quun
891 2421 936 2464 vs.
957 2403 1001 2465 12
1017 2400 1138 2484 signifi-

116 2513 183 2579 ossi
196 2512 452 2589 oontenderunt,
466 2512 537 2581 iure
553 2512 735 2596 meritoque
750 2504 915 2591 nisurus
931 2534 966 2579 se
980 2516 1137 2601 opposuit.

116 2625 157 2691 si
177 2645 311 2691 rsunus
337 2632 414 2691 ante
436 2626 548 2691 oculos
573 2625 740 2690 habuisset
764 2627 961 2692 advenerios
984 2647 1138 2708 enursrr,

114 2745 229 2833 uenus
251 2740 429 2805 doctrinam
447 2739 701 2805 immortalitatis
723 2748 954 2824 repugnantes,
972 2760 1041 2805 nen
1057 2764 1138 2807 usus

116 2859 202 2919 esset
216 2851 389 2931 uocabulo,
400 2853 493 2936 -quod
509 2854 707 2937 penei-tutem
725 2853 865 2918 denotet.
880 2856 923 2918 In
942 2855 1044 2919 socios
1063 2875 1138 2920 vero

115 2966 241 3050 aliquot
262 2973 457 3033 seetetorum
476 2986 629 3044 currens,
649 2968 706 3050 qui
723 2975 926 3032 mortuorum
944 2969 1084 3034 reditum
1101 2970 1137 3033 in

115 3079 216 3144 vitem
240 3079 402 3162 negabunt
428 3079 479 3143 vel
503 3079 539 3143 in
563 3079 697 3144 dubium
720 3080 891 3158 voesbsnt,
916 3082 1036 3166 optime
1058 3104 1135 3164 qua-

115 3191 229 3257 drsbut
244 3193 342 3257 illud:
354 3195 549 3257 inseimts'am
563 3194 624 3257 Des
638 3193 755 3257 tabent
769 3196 855 3256 Tum
869 3195 1037 3276 sequentia
1050 3188 1137 3285 πρὸς

112 3299 295 3398 ἐντροπὴν
312 3299 404 3396 ὑμῖν
422 3308 513 3400 λέγω
532 3307 582 3371 vel
600 3308 696 3378 λαλῶ
714 3307 791 3371 satis
810 3307 990 3371 luculenter
1005 3307 1135 3386 doeent,

113 3421 301 3505 praeoedere
324 3423 502 3487 orationem
523 3421 565 3485 ed
586 3422 673 3506 ipsos
695 3421 830 3487 lectores
852 3420 949 3485 huius
971 3422 1136 3505 Epistulae

113 3534 338 3618 pertinentem.
357 3535 392 3597 N
394 3555 429 3599 ee
448 3543 557 3599 temen
576 3535 767 3619 Apostolus,
786 3535 1041 3619 reprehensionis
1059 3556 1136 3599 suae

114 3647 327 3713 emolliendee
348 3669 458 3726 eume,
477 3650 525 3713 ita
546 3650 672 3734 scripsit
690 3669 747 3734 pro
764 3641 822 3719 ὅτι
846 3640 1035 3742 ἀγνωσίαν
1053 3647 1136 3740 ἔχο-

111 3782 170 3847 vs,
188 3767 230 3824 ut
252 3783 326 3825 eum
349 3782 562 3840 oecurrente,
583 3782 848 3826 runornrnsero
871 3762 1006 3846 aliisque
1036 3763 1135 3828 inter-

109 3879 260 3959 pretetus
275 3883 324 3940 est
338 3896 609 3939 cuursosrouus.
623 3879 729 3953 immo
744 3869 933 3968 ἀγνωσίαν
951 3877 1044 3946 Θεοῦ
1053 3897 1134 3940 non-

108 3987 213 4053 nullis
238 3994 367 4053 tantum
392 3991 634 4053 Corinthiorum
661 3989 794 4067 obiecit,
817 3999 855 4053 ut
880 3991 977 4054 ceteri
1003 3990 1136 4055 meliors

112 4101 314 4167 deserentur.
334 4105 371 4168 Si
392 4110 534 4169 mentem
556 4103 626 4167 eius
649 4112 814 4167 assecutus
837 4126 924 4180 sum,
943 4123 1044 4167 nexus
1064 4125 1134 4168 oru-

110 4215 214 4278 tionis
240 4216 294 4280 hie
314 4221 376 4280 est:
396 4219 505 4281 Cavete
520 4218 604 4282 uobis
618 4239 638 4282 α
654 4225 831 4295 commento,
847 4220 1027 4282 mortuusis
1040 4221 1135 4282 uuam

109 4349 174 4392 αοα
197 4329 313 4406 redire,
333 4332 415 4412 quod
431 4333 479 4393 ud
499 4333 645 4414 colloquia
669 4333 752 4395 ducit
774 4353 871 4395 mores
891 4333 980 4394 bouus
997 4352 1133 4395 eorrum—
1217 4336 1238 4365 f
