2656 4890
147 305 195 369 62
385 286 653 365 ruruarunrarro
677 319 768 367 vaus.
794 303 849 379 11,
874 304 923 366 12.

149 480 305 578 μάθετε,
324 477 445 560 οὐδὲν.
456 482 696 581 despetionem
714 492 749 552 et
766 486 865 572 paulo
876 480 1173 562 inferius-aoid&

76 694 80 701 ⁶
149 594 173 691 ἡ
197 601 273 673 τῶν
298 592 506 694 προσώπων
528 596 635 672 ἐποίει
658 593 836 694 διαφορὰ,
858 602 935 674 τῶν
956 591 1172 694 discernimur

148 709 241 787 ἴσων
277 707 410 786 ὄντων.
445 714 562 780 Dicere
596 713 700 779 voluit
737 734 882 781 rannus:
919 717 1038 781 Eodem
1072 718 1172 801 igilur

151 848 200 895 res
229 829 325 908 redit,
354 829 416 893 rice
446 830 504 893 mci
532 830 613 892 ratio
638 828 782 907 mauu,
807 831 870 895 cive
891 831 1030 908 diorum,
1051 850 1172 914 nempe

150 941 381 1025 Apustoloram,
415 941 472 1025 qui
507 962 552 1004 vs.
589 944 611 1005 9
647 942 817 1006 memorati
853 949 940 1007 sunt.
979 946 1022 1009 So
1042 948 1173 1008 'autem

150 1055 215 1120 illis
259 1053 457 1139 praeposuit,
501 1053 654 1138 quoniam
698 1077 793 1121 suum
837 1056 1054 1121 ministerium
1093 1076 1173 1122 cum

152 1168 288 1233 alionum
322 1167 502 1232 ministerio
538 1173 783 1252 comparaverat.
825 1170 900 1233 Hoc
932 1189 1006 1234 vcro
1047 1168 1089 1234 ab
1123 1170 1175 1241 iia
1210 1165 1213 1169 ’

152 1281 340 1366 negligitur,
374 1281 430 1364 qui
463 1301 566 1345 aaran
601 1282 837 1369 assentiuntur,
872 1282 1050 1349 Particulas
1085 1277 1174 1369 εἴτε,

153 1389 218 1466 εἴτε
239 1415 297 1479 pro
318 1391 393 1473 xci,
414 1392 475 1466 καὶ
495 1395 617 1481 positas
639 1416 716 1460 esse.

196 1507 346 1574 Alterum
374 1508 471 1574 huius
500 1529 609 1573 versus
638 1508 832 1574 membrum:
862 1501 962 1580 οὕτω
985 1500 1178 1600 κηρύσσο-

153 1643 242 1711 μεν,
281 1618 343 1693 καὶ
377 1612 492 1702 οὕτως
526 1615 752 1695 ἐπιστεύσατε
788 1621 855 1687 fere
892 1621 976 1687 nihil
1011 1621 1178 1701 continet,

154 1734 242 1818 quod
270 1735 453 1801 molestiam
481 1755 588 1801 creare
617 1735 725 1820 possit.
755 1735 901 1802 Verbum
924 1727 1193 1829 arpasiocum„

154 1854 193 1913 ut
236 1868 498 1913 cuursosromus
529 1849 662 1932 ¹aliique
703 1849 815 1915 Patres
854 1850 921 1913 iam
961 1855 1180 1928 monuerunt,

154 1983 284 2027 omnem
312 1961 540 2046 cogitationem
569 1962 638 2028 eius
668 1968 809 2042 amovet,
839 1962 927 2045 quod
953 1961 1118 2027 occultam
1145 1968 1181 2029 et

155 2075 390 2140 clandestinum
419 2082 476 2141 est.
502 2077 588 2160 Ergo
615 2095 744 2141 rannus
769 2075 875 2142 dicere
899 2075 983 2140 vult:
1009 2077 1182 2141 Polum-d

151 2189 272 2272 publice
297 2191 530 2267 concedamus,
560 2190 715 2254 Clari-stum
739 2208 778 2253 ec
803 2195 898 2253 morte
921 2189 956 2251 iu
976 2189 1072 2253 odom
1094 2189 1181 2253 redi-

156 2304 222 2367 isse.
255 2305 460 2368 Postremum
496 2302 583 2368 enim
614 2301 697 2366 illud
731 2301 837 2367 inesse
870 2301 1024 2367 vocabulo
1061 2291 1180 2381 οὕτω,

157 2436 196 2481 ex
235 2437 280 2479 vs.
316 2415 464 2498 sequenti
501 2415 681 2480 luculenter
717 2420 856 2500 apparet.
893 2413 1181 2481 Quemadmodum

158 2534 267 2594 autem
296 2534 408 2595 auctor
436 2528 602 2593 Praesenti
627 2527 662 2592 id
689 2528 869 2607 denotavit,
891 2527 984 2612 -quod
1007 2527 1078 2612 ipse
1104 2527 1181 2593 alii-

159 2664 222 2726 que
242 2642 390 2728 Apostoli
412 2663 469 2727 per
488 2646 592 2706 totam
614 2641 713 2707 vitam
735 2641 887 2726 agebant,
909 2642 956 2706 sic
977 2640 1125 2706 studiose
1148 2642 1181 2707 ei

158 2756 325 2822 subiunxit
349 2755 517 2821 Aoristum
542 2747 783 2834 ἐπιστεύσατε,
810 2762 862 2834 ut,
888 2775 993 2839 acque
1010 2775 1050 2819 ac
1071 2774 1119 2819 vs.
1141 2755 1182 2833 2,

159 2870 347 2936 memoriam
386 2873 554 2934 renovaret
589 2869 678 2934 illius
714 2869 883 2954 temporis,
920 2890 985 2952 quo
1025 2868 1184 2933 corruta

160 2981 338 3066 Euangelio
363 2981 585 3066 praebuissent
608 3003 716 3062 aures,
742 2983 889 3049 nondum
914 2981 956 3047 ab
980 3002 1020 3046 eo
1042 3000 1183 3047 armsas.
1245 3063 1251 3073 .

164 3097 365 3162 credideras
392 3096 506 3180 igitur,
536 3115 710 3161 cantarum
734 3086 894 3163 ec'ruorte
918 3098 951 3161 ia
975 3097 1070 3160 udam
1096 3095 1183 3161 rodi·

162 3211 233 3287 isse,
258 3216 348 3293 atque
369 3213 425 3274 Ιιοο
447 3212 611 3276 ammaum
633 3211 802 3275 credebaut.

572 3655 681 3712 Vors-
702 3657 764 3711 12·

207 3894 347 3960 Probmo
373 3910 449 3956 raso
473 3889 580 3955 reditu
606 3908 645 3953 ex
670 3886 808 3953 morte
799 3907 835 3949 m
855 3884 973 3961 vitam,
995 3883 1074 3947 hinc
1097 3903 1186 3947 rnu-

164 4028 223 4072 nus
253 4010 478 4091 argumentum
506 3998 598 4086 cepit
619 4001 769 4066 adversus
800 4018 854 4063 eos
881 3995 1081 4081 disputandi,
1109 3992 1187 4091 qul-

163 4121 224 4186 bus
259 4119 418 4196 doctrina,
451 4114 637 4180 mortuos
628 4137 663 4178 m
696 4113 728 4178 vi
729 4119 796 4178 tam
828 4108 949 4188 redire,
978 4109 1015 4172 in
1045 4086 1187 4195 dubmrn

164 4232 307 4299 vocanda
331 4233 382 4297 vel
406 4228 552 4314 neganda
579 4227 753 4293 videbatur
779 4224 1045 4309 Disputationem
1070 4229 1187 4288 autem

163 4350 325 4432 ingressus
363 4350 411 4409 est
448 4341 661 4419 ostendendo,
698 4338 885 4406 huiusmodi
926 4336 1075 4403 homines
1118 4336 1185 4423 sibi
