2656 4890
589 328 730 371 INDICES.

153 593 344 653 mmmm
373 590 458 650 Rom.
478 588 535 669 Ep.
556 588 631 670 Cap.
648 589 772 662 3241.
864 639 869 649 .
961 639 966 650 ,
1048 578 1052 585 ’

155 705 405 785 Compositorum,
433 701 525 782 quale
547 692 769 794 ψευδομάρ-

194 839 261 906 τυρ
294 819 355 890 est,
384 812 483 876 noti0.
574 863 579 873 .
671 863 676 874 .
768 864 773 874 .

153 930 351 991 Coniecturae
400 927 524 989 criticae
561 925 699 1009 pretium
736 927 770 988 in

196 1043 238 1103 N.
267 1043 301 1103 Τ.
326 1039 395 1102 sine
421 1044 564 1101 veterum
584 1037 774 1101 testimonio.
866 1089 872 1101 .
963 1090 968 1100 .
1081 1089 1087 1100 .

145 1129 306 1215 'Corinthii
346 1151 424 1234 quid
459 1150 615 1214 senserint
650 1151 689 1214 de
721 1172 769 1214 re-

197 1265 268 1327 ditu
300 1264 335 1326 in
368 1264 474 1326 vitam.
538 1348 540 1354 Α

151 1378 364 1468 Γέγραπται.
410 1378 497 1439 Usus
543 1376 638 1439 huius
681 1376 765 1439 verbi

196 1490 281 1573 apud
314 1508 462 1552 PAULUM.
575 1539 580 1551 .
671 1540 676 1550 .
768 1539 773 1550 .
866 1539 871 1550 .
962 1540 968 1550 .
1015 1492 1086 1554 192.

152 1605 206 1690 Γῆ
217 1640 238 1690 ,ς
248 1608 280 1665 et
324 1593 347 1691 ἡ
379 1605 428 1694 γῆ
462 1601 621 1684 quomodo
656 1601 769 1665 distin-

195 1716 321 1799 guenda
332 1715 499 1779 videantur
500 1765 866 1777 .....
914 1717 990 1791 199,
1013 1717 1086 1778 200.

154 1823 343 1918 Γνωρίζω,
381 1834 483 1891 notum
516 1828 607 1909 facio
645 1849 685 1891 sc.
720 1828 769 1889 in-

195 1942 368 2024 cognitum.
957 1927 1011 2019 16,
1036 1942 1085 2004 17.

155 2056 282 2117 Datim
318 2053 534 2129 Pronominis‚
557 2073 630 2116 cum
658 2052 770 2118 Verbis

197 2166 287 2256 λέγω
332 2165 382 2229 vel
425 2166 521 2235 λαλῶ
562 2164 767 2240 coniunctus,

195 2280 324 2342 Datimw
346 2277 505 2342 commodi
530 2300 597 2341 non
620 2285 675 2342 est.
767 2328 772 2340 .
863 2326 870 2340 .
959 2327 966 2340 .
1014 2277 1085 2339 160.

154 2392 207 2461 Δέ
224 2391 396 2475 repetitum
399 2439 964 2454 .......
1013 2388 1083 2451 174.

152 2506 231 2589 Δεῖ,
255 2505 337 2587 quod
355 2505 518 2568 secundum
540 2504 690 2568 decretum
708 2503 768 2567 Dei

194 2623 250 2693 est,
288 2619 321 2679 in
359 2617 392 2678 V.
428 2618 459 2679 Τ.
485 2619 688 2698 propositum,
720 2617 768 2681 vel

194 2732 275 2812 quod
306 2732 402 2811 ipsius
438 2731 484 2792 rei
505 2707 582 2812 fert'
607 2733 686 2794 ratio
717 2731 766 2793 de-

194 2848 273 2904 creto
296 2844 406 2906 Divino
430 2845 596 2906 constituta.
666 2893 671 2904 .
762 2893 766 2903 .
858 2893 863 2902 .
913 2843 987 2916 112,
1011 2843 1083 2903 225.

152 2956 415 3031 DauosfflssNES,
443 2958 563 3037 Olynth.
587 2957 613 3017 1.
674 3006 680 3016 .
770 3005 776 3016 .
867 3005 872 3016 .
962 3002 969 3017 .
1026 2952 1087 3017 ,31

153 3059 307 3136 Διὸόναι
348 3075 459 3152 νῖκος,
486 3068 654 3130 hominibus
679 3068 766 3143 dare,
947 3078 951 3085 “

194 3186 226 3240 ut
247 3179 305 3241 sibi
327 3187 479 3262 reportent
499 3182 666 3243 victoriam.
764 3229 770 3239 .
862 3230 866 3241 .
959 3229 964 3239 .
1010 3179 1083 3240 242.

152 3285 267 3376 Δόξα,
301 3294 454 3373 splendor,
481 3294 606 3377 proprie
635 3294 701 3356 sive
731 3293 766 3354 fi-

192 3413 311 3487 gurate.
382 3456 386 3465 .
478 3456 483 3466 .
574 3456 579 3466 .
671 3456 677 3467 .

149 3511 330 3608 Δύναμις,
353 3521 399 3582 vis
422 3520 539 3600 aliquid
553 3518 703 3599 facienti&
765 3568 771 3578 .

150 3631 191 3700 Εἰ
220 3632 352 3695 inservit
382 3632 423 3693 ad
445 3631 574 3713 aliquod
597 3631 766 3713 cogitando

192 3744 391 3826 fingendum,
433 3744 519 3826 quod
552 3765 587 3808 se
620 3744 667 3806 ita
700 3763 765 3806 non

192 3855 289 3920 habet
311 3857 360 3920 vel
382 3855 494 3920 habuit
496 3904 965 3918 ......
1014 3855 1085 3915 150.

150 3961 283 4054 Εἰκών,
313 3971 412 4052 imayo
446 3969 516 4032 aliis
544 3968 773 4053 adspectabilis.
864 4018 869 4030 .
902 3954 904 3959 ¹
960 4017 966 4028 .
1012 3966 1084 4029 204.

151 4083 208 4162 Εἰς
248 4089 320 4167 post
360 4103 395 4146 se
439 4082 525 4145 haud
562 4102 634 4144 raro
670 4080 766 4146 habet

192 4198 479 4279 Breviloquentiam,
536 4196 593 4267 cui,
641 4215 766 4259 succur-
1062 4260 1066 4268 ,

193 4309 327 4372 rendum
350 4318 398 4374 est
400 4355 962 4371 .......
1013 4305 1085 4368 230.
