2656 4890
306 1276 336 1407 js
360 1262 941 1407 iuuuarnliunuio.

418 2264 422 2271 ,
528 2199 647 2275 ¹vers.
665 2203 705 2267 1,
721 2201 760 2261 2.

187 2457 456 2557 Disputationem
492 2492 584 2537 suam
616 2490 745 2535 raunus
782 2469 823 2536 ab
853 2471 997 2536 oratione
1026 2471 1154 2556 incipit,

140 2606 226 2668 quac
247 2585 393 2670 apposita
415 2590 465 2650 est
485 2584 527 2649 ad
548 2586 682 2651 lectores
708 2589 863 2662 attentos,
895 2583 1029 2662 dociles,
1059 2583 1156 2649 bene-

141 2699 232 2763 volos
253 2699 423 2766 faciendos.
446 2699 518 2764 Neo
540 2696 754 2763 dubitandum
773 2705 837 2776 est,
866 2696 945 2780 quin
964 2718 1001 2761 ea
1020 2703 1156 2762 sectato-

142 2810 232 2876 ribus
261 2831 397 2877 cnrrsrr
425 2810 617 2889 Corinthiis,
649 2810 721 2895 plus
742 2832 808 2874 una
824 2809 871 2876 ,de
892 2830 1003 2887 causa,
1033 2809 1157 2873 facilior

141 2923 241 2989 tuerit
257 2925 437 3004 intellectu,
460 2946 556 3008 quam
575 2923 668 2989 nobis
688 2925 738 2988 sit.
761 2923 957 2988 Particulam
982 2919 1026 2993 δέ
1042 2929 1156 3000 ocem,

141 3037 254 3102 utica
278 3039 385 3122 Caput
405 3037 469 3103 XV
484 3059 565 3103 cum
588 3037 743 3121 superiori
761 3036 939 3114 connectit,
970 3036 1016 3100 sic
1041 3035 1156 3100 transi-

141 3150 227 3213 tioni
248 3151 290 3214 sd
310 3151 407 3215 huius
428 3150 492 3217 loci
514 3155 740 3233 argumentum
768 3150 937 3226 inservire,
968 3169 1064 3212 nemo
1093 3154 1156 3225 est,

140 3263 200 3346 qui
221 3238 355 3346 ignoret
376 3262 520 3328 Nomine
552 3254 720 3356 ἀδελφοί,
743 3262 884 3344 fratres,
913 3259 1098 3345 Apostolus
1111 3260 1157 3325 le-

140 3381 246 3440 ctores
269 3398 344 3440 suos
365 3377 554 3461 compellare
576 3376 714 3453 videtin,
736 3380 775 3439 ut
794 3395 848 3438 cos
863 3378 1029 3458 praeparet
1050 3372 1092 3437 ad
1106 3393 1156 3439 re·

140 3488 385 3572 prehensiones,
404 3511 483 3572 quas
497 3489 606 3552 iamin
617 3494 726 3552 mente
736 3486 852 3564 habet,
871 3487 989 3552 leniter
1002 3485 1156 3551 ferendas.

143 3601 302 3666 Similiter
323 3582 400 3686 cap.
431 3602 466 3665 1:
498 3604 628 3678 10,11.
658 3602 731 3664 111:
757 3603 784 3664 1.
808 3601 873 3665 1v=
898 3601 919 3663 6
949 3605 1007 3664 ea.
1037 3601 1089 3665 ne
1119 3620 1157 3664 eo

140 3717 255 3776 autem
272 3714 344 3778 Viri
358 3714 456 3779 Docti
478 3714 564 3778 inter
583 3734 617 3778 se
636 3712 831 3797 disceptant,
855 3712 933 3796 quid
951 3704 1158 3803 εὐαγγέλιον

120 3824 311 3908 significet
340 3826 515 3904 Nonnulli,
547 3825 662 3909 quibus
685 3827 844 3890 calculum
866 3825 1052 3890 adiecerunt
1074 3843 1157 3887 unr-

142 3943 669 4017 nuusn1c111usetuiicuu1suus,
699 3940 761 4003 hoo
795 3939 954 4023 explicant
987 3920 1157 4001 doctrinam

143 4071 203 4115 seu
225 4054 363 4115 notulam
381 4056 486 4117 mortis
511 4072 646 4116 cflmsrr
665 4054 785 4136 musque
804 4052 919 4116 reditus
935 4055 968 4114 in
979 4053 1080 4115 uitam.
1095 4050 1158 4114 Sed

142 4184 267 4228 nexum
296 4165 449 4230 orationis
478 4187 544 4230 non
574 4166 710 4230 assecuti
732 4164 886 4229 vocabulo
916 4163 964 4226 illi
992 4164 1158 4228 notionem

143 4277 428 4342 affinxerunttam
452 4279 576 4343 abhoc
601 4279 690 4356 loco,
722 4300 819 4362 quam
848 4277 889 4341 ab
914 4298 976 4341 usu
1004 4276 1157 4360 loquendi
