2656 4890
355 308 379 327 ⁶·
446 304 713 351 rurreruururro
737 306 829 351 vens.
851 292 904 353 38.
1117 292 1177 355 171

162 473 349 545 huiusmodi
372 476 547 559 haegen
570 481 689 540 temere
711 475 841 540 linxisse
859 466 1022 554 novimus,
1045 479 1091 542 sie
1114 481 1180 542 Ao-

152 587 375 654 frustraverat·
384 588 505 660 ἐθέλω
520 589 570 653 vel
588 587 685 660 θεἎω
706 591 768 653 Gul.
788 592 820 654 I:
845 593 896 653 27.
920 591 1180 656 libera-11:18.

164 702 251 767 Pbib
278 705 322 767 14
349 709 383 768 et
407 701 528 786 ubique
548 702 696 767 inlibris
717 704 804 767 Novi
827 705 1024 771 Testamenti
1046 705 1179 770 inservit

161 816 373 901 erumpun-
392 817 605 882 Praeteritum
627 816 844 882 indieandum.
867 819 940 881 Nee
961 822 1069 882 tamen
1092 838 1178 882 usse-

164 931 339 995 reruverim
360 929 470 1008 liuere,
491 935 530 994 ut
551 929 723 994 formulam
744 923 872 1010 καθώς
892 923 1046 1022 ἠθέλησε
1064 933 1179 997 refera-

164 1062 239 1109 mus
256 1043 299 1107 ad
317 1044 404 1127 leges
422 1064 443 1107 a
460 1043 533 1108 Deo
550 1049 684 1108 naturae
701 1043 837 1121 inditas,
852 1064 955 1126 quum
969 1045 1180 1109 huneterrum

164 1157 383 1235 fabricaretur,
402 1174 537 1239 eamque
553 1176 629 1220 eum
647 1175 739 1220 nouo
759 1157 966 1240 explicemus:
981 1165 1076 1240 prom
1093 1162 1185 1222 semel
1283 1188 1287 1193 -

165 1272 310 1348 Meae,
352 1291 434 1353 quae
473 1269 698 1354 plerorumque
730 1271 890 1335 sententie
923 1275 979 1335 est.
1015 1273 1063 1335 Ut
1096 1273 1181 1335 enim

166 1382 294 1461 dubito,
318 1404 360 1446 un
381 1403 439 1466 pro
462 1382 608 1447 Perfecto
630 1382 801 1472 τεθέληκε
824 1384 873 1449 vel
895 1375 1066 1474 ἠθέληκε,
1093 1385 1180 1467 qnod

164 1497 200 1559 in
234 1497 389 1561 Veterum
422 1497 548 1580 seriptis
583 1497 670 1560 haud
703 1517 774 1560 raro
808 1496 926 1581 legitur
960 1499 1003 1580 ι),
1034 1499 1177 1581 usurpari

165 1610 306 1694 potuerit
335 1611 484 1674 Aoristus
514 1603 669 1700 ἠθέλησε
700 1613 746 1698 2),·
776 1611 821 1674 sio
843 1616 969 1693 tempus
990 1610 1071 1673 illud
1093 1610 1180 1674 haud

163 1723 266 1807 magis
282 1736 285 1740 ’
300 1723 375 1807 Cup.
406 1722 490 1787 XII:
526 1726 581 1801 18,
612 1722 669 1787 ubi
698 1724 848 1788 Aoristus
872 1716 981 1794 torro
1005 1723 1180 1808 praeeedit,

163 1864 261 1926 quarn
282 1844 320 1908 in¹
339 1844 410 1908 aliis
429 1845 516 1908 Novi
535 1845 733 1909 Testamenti
751 1844 829 1909 loeis
848 1844 986 1909 Perfeeti
1010 1845 1178 1909 notionem

163 1956 269 2022 hebet.
303 1956 397 2022 Nihil
430 1957 534 2022 tutius
567 1957 694 2020 videtur
723 1976 821 2040 quam
853 1958 1069 2042 interpretari:
1103 1960 1181 2022 sieut

161 2070 285 2134 uolebat.
300 2068 400 2136 Quod
421 2071 448 2135 si
467 2071 682 2136 Providentiae
692 2070 827 2134 Dioirtoe
844 2073 1026 2135 uoluentem
1037 2076 1180 2154 spectare

163 2183 398 2261 existimamus,
419 2202 517 2249 mens
540 2202 643 2247 ruuur
665 2183 701 2246 iu
727 2183 825 2268 priori
845 2182 990 2248 membro
1011 2184 1091 2247 haee
1113 2189 1176 2247 est:

164 2297 228 2361 ece
246 2298 332 2360 Deus
351 2316 448 2375 mero,
472 2298 555 2380 qaod
568 2303 604 2360 to
625 2298 716 2374 seris,
736 2297 991 2380 praeut-eulmen
1012 2297 1079 2374 olot,
1103 2316 1180 2380 puo-
1303 2339 1311 2357 .

163 2411 221 2474 leus
237 2411 285 2474 illi
311 2409 387 2473 dure
405 2411 620 2475 Providentiae
636 2412 702 2474 eise
718 2411 820 2474 umato
835 2409 1018 2493 puberum
1037 2409 1077 2472 ab
1093 2411 1180 2474 tuitio

158 2523 305 2605 peretot.
328 2525 438 2607 Atque
459 2523 505 2588 sio
527 2533 717 2608 perpetuum
730 2531 874 2590 neturue
891 2523 1178 2588 infrenenturum

163 2636 369 2720 generatione
385 2656 568 2721 processum
586 2639 659 2702 Deo
676 2637 805 2715 tribuit,
825 2637 979 2721 quoniam
996 2654 1063 2701 nou
1075 2636 1179 2701 solum

151 2747 223 2814 -sibl
253 2766 440 2834 persuasum
458 2749 621 2827 babebat,
652 2750 808 2835 quidquid
830 2751 893 2814 hee
919 2751 956 2814 in
970 2749 1100 2814 mundo
1122 2750 1179 2812 e'd-

151 2860 327 2947 ·speetabili
348 2863 480 2941 existet,
503 2864 535 2926 vi
557 2864 627 2928 eius
649 2865 801 2942 existere,
823 2864 881 2928 sed
902 2863 1015 2940 etiem,-
1034 2870 1073 2927 ut
1091 2880 1178 2925 wen-

162 2992 241 3039 rrus
269 2975 387 3059 aliique
416 2977 614 3061 Interpretes
644 2977 953 3055 animadverterunt,
976 2985 1009 3043 et
1030 2976 1180 3061 repetitio

163 3089 309 3154 ueeahue
340 3093 449 3180 σῶμα
482 3090 590 3168 docet,
624 3090 665 3154 de
698 3096 899 3154 mortuorum
931 3088 1116 3175 disputabat
1145 3090 1179 3152 in

163 3191 262 3267 ritum
275 3226 278 3231 ·
291 3203 411 3281 reditu,
434 3205 665 3290 omnipotentis
688 3204 751 3268 Dei
773 3204 894 3268 virtute
914 3203 1089 3268 efficiendo.
1112 3203 1178 3266 Ho-

163 3317 238 3380 miai
256 3324 381 3395 autem,
403 3338 499 3400 quem
510 3340 554 3382 vs.
567 3321 610 3382 37
622 3317 705 3381 nihil
717 3317 805 3382 aliud
818 3336 921 3382 serere
930 3316 1070 3394 monuit,
1082 3336 1179 3399 qnam

161 3442 287 3494 merum
309 3448 458 3514 granum,
482 3450 568 3496 nune
594 3433 693 3496 moue
722 3430 869 3516 apponit,
896 3431 953 3513 qui
971 3450 1028 3515 per
1045 3436 1179 3495 natiuae

161 3544 396 3627 operationem,
433 3546 510 3610 inde
554 3545 780 3628 abantiquo,
823 3543 992 3609 sublimem
1030 3543 1177 3628 producit

132 3640 137 3647 ¹
163 3663 196 3720 et
216 3657 369 3722 frumenti
391 3658 522 3743 plenum
542 3660 695 3724 culmum.
720 3659 867 3743 Imagine
887 3678 962 3724 vero
985 3658 1025 3722 ed
1047 3676 1177 3722 eausam

162 3772 448 3852 argumentationis
466 3773 634 3849 translata,
653 3773 759 3838 dieere
773 3773 889 3849 veluit,
909 3792 948 3836 ex
966 3774 1028 3836 hoe
1046 3791 1177 3856 corpore

162 3881 299 3962 abieoto,
323 3885 409 3967 quod
431 3885 491 3950 hee
512 3887 547 3949 in
569 3887 636 3949 rita
658 3894 836 3970 gestemus,
868 3888 974 3952 Deum
997 3885 1116 3962 fecere,
1140 3894 1177 3948 ut

161 4012 275 4081 eorpus
298 3998 473 4082 gloriosum
495 4000 669 4084 proveniet.

160 4124 319 4153 ”seda-en·-
338 4138 340 4147 .

197 4201 219 4258 ¹)
237 4201 393 4250 Pearsroe.
414 4217 439 4262 p.
450 4202 498 4251 332
508 4201 589 4264 ibique
599 4215 710 4251 uoeucr.
723 4203 797 4252 Plura
806 4205 918 4265 exempla
926 4203 968 4252 dat
982 4204 1048 4252 lbos.
1060 4206 1176 4266 Stephani

161 4294 185 4326 v.
206 4276 293 4329 ἐθέλω.

196 4382 219 4443 ²)
237 4382 346 4434 Wreen.
362 4400 387 4446 p.
404 4386 464 4441 elo,
481 4386 538 4435 320.
