2656 4890
154 271 194 331 12
566 292 754 336 1urao1rus.

150 461 373 542 provocantes,
403 463 522 523 certam
548 457 711 524 beatitatis
734 459 863 524 futurae
886 481 977 545 spem
1000 468 1032 526 et
1054 483 1166 548 esspe-

149 570 458 636 canonemanimis
479 571 663 637 iniicerents

140 720 142 724 ,
195 684 283 748 Huic
319 683 426 768 Capiti
455 705 547 748 suam
576 684 767 749 divisionem
794 683 946 751 tribuisse
975 693 1074 770 puto,
1105 688 1166 770 qui

150 795 232 860 illud
253 817 328 861 cum
350 817 491 861 coocnro
514 800 540 881 ¹)
565 797 764 881 tripartitum
786 797 936 862 facerent.
959 800 1070 862 Primo
1091 820 1167 884 pars

73 943 76 949 ·
148 910 280 975 inservit
300 910 342 975 ad
362 910 502 976 reditum
523 915 717 975 sectatorum
739 929 874 973 cuarsrr
896 911 932 973 in
950 911 1155 996 vitamargu-

150 1024 267 1091 mentis
306 1023 513 1109 probandum.
554 1025 597 1087 Iu
630 1025 728 1088 altera
761 1023 1049 1102 contradictiones,
1085 1047 1166 1108 quas

151 1143 263 1203 auctor
283 1137 345 1202 sihi
367 1137 486 1221 opponi
504 1136 613 1215 finxit,
635 1136 826 1202 refutantur.
854 1139 957 1200 Tertia
980 1142 1013 1200 et
1031 1120 1162 1220 quiden]

151 1251 336 1316 brevissima
352 1250 402 1329 id,
415 1251 502 1334 quod
513 1250 712 1334 disputatum
723 1255 786 1327 est,
798 1249 839 1313 ad
849 1249 1007 1314 lectorum
1017 1249 1163 1314 animum

152 1372 185 1431 et
212 1364 312 1429 vitam
337 1345 483 1449 applicat.
505 1365 576 1428 Nee
597 1349 790 1447 longevhin'e
813 1362 997 1440 discedunt,
1020 1363 1162 1446 quicum

151 1497 274 1542 isauro
302 1478 364 1541 hoo
394 1478 500 1561 Caput
529 1475 652 1542 duabus
675 1481 820 1540 constare
842 1481 976 1539 monent
997 1474 1157 1560 partibus,

152 1611 231 1674 quas
256 1591 415 1676 peroratio
440 1596 599 1673 sequatur.
620 1591 684 1655 Sed
694 1594 833 1672 quatuor
843 1588 1007 1673 vpartibus,
1027 1609 1163 1671 quarum

152 1704 255 1790 prima
275 1725 335 1769 vss.
356 1706 460 1767 1—11
481 1703 698 1780 contineatur,
716 1707 755 1767 ut
773 1721 898 1766 annno
917 1704 957 1785 2),
976 1720 1163 1765 uosvnnnro

153 1817 286 1900 aliisque
321 1816 456 1901 placuit,
485 1815 681 1895 statuendis3
698 1828 733 1878 ”a
762 1836 801 1880 se
826 1820 943 1878 mutuo
970 1813 1163 1893 avelluntur,

153 1950 236 2014 quae
272 1929 314 1994 ad
346 1951 445 1995 unam
477 1928 787 2016 argumentationem
815 1926 1057 2014 proponendam
1084 1948 1161 1992 con-

152 2043 263 2108 iuncta
283 2047 368 2107 sunt.
661 2041 663 2061 ²
1067 2055 1069 2058 ’

184 2258 207 2318 ¹)
224 2257 285 2320 Opp.
308 2259 378 2306 Tom.
405 2259 448 2306 IV.
472 2272 496 2318 p.
522 2256 569 2307 719
586 2250 640 2320 sqq.
659 2235 736 2304 Paulo
753 2255 823 2303 aliter
841 2265 982 2311 cauturus,
1003 2253 1065 2315 Opp.
1084 2251 1156 2300 Omn.

153 2337 197 2386 fol.
216 2339 265 2386 310
281 2350 336 2400 sqq.

188 2441 210 2500 ²)
230 2439 402 2514 Commotarii
419 2441 445 2487 ia
462 2454 543 2488 omnes
560 2438 665 2500 Epistol.
684 2439 716 2486 D.
736 2437 808 2486 Pauli
822 2437 854 2484 ad
871 2435 897 2484 h.
912 2435 930 2483 l.
