2656 4890
141 213 185 275 80
421 224 691 279 rsrrnenrrsrm
715 224 808 271 vm.
833 209 882 271 18.

143 414 300 475 smnus,
322 413 563 475 crcunnmuu,
579 413 891 475 rnrornrnscruu,
904 395 971 459 iam
987 394 1068 459 oiim
1082 396 1162 471 'esn-

144 511 218 577 dem
232 509 410 577 similemve
423 510 509 575 viam
524 511 683 593 ingressos
697 530 774 575 esse.
788 507 853 573 Sed
866 509 947 574 scite
958 486 1116 573 nrrdrrui
1132 510 1160 593 ¹)

140 646 175 691 se
201 623 350 689 dubitare
374 629 502 702 monet,
529 645 571 687 an
596 623 731 689 verbum
755 613 985 695 ἀπώλλυσθαι
1004 644 1160 707 usqmn,

137 737 195 804 ubi
212 737 254 803 de
269 737 366 803 rebus
383 743 457 823 post
477 743 615 802 mortem
637 757 741 801 sermo
764 742 829 815 est,
853 736 900 799 sic
922 736 1061 821 intelligi
1081 758 1159 823 pos·

138 852 190 917 sit
208 851 400 930 Videamus,
418 873 461 915 an
479 852 582 917 tutius
602 851 645 915 sit
666 851 785 915 Latine
804 849 941 915 scribere
959 852 1160 929 interierunt,

137 965 319 1039 cuiusmodi
354 966 577 1050 interpretatio
614 983 727 1042 nsrm,
769 983 929 1042 cunnum,
971 983 1161 1043 ursorum,

140 1099 309 1157 ssunnno,
345 1078 458 1143 multis
498 1079 571 1143 aliis
611 1078 741 1163 placuit.
779 1078 958 1143 Iotcreuadi
991 1076 1163 1143 notionem

141 1191 237 1259 verbo
266 1183 495 1264 ἀπόλλυσθαι
522 1192 707 1270 convenire,
734 1191 851 1257 docent
875 1191 954 1270 loci,
980 1191 1016 1254 in
1041 1188 1164 1275 quibus

139 1305 206 1370 vite
237 1306 407 1371 hominum
440 1306 603 1389 exstingui
635 1306 765 1383 dicitur,
799 1305 849 1369 uti
887 1306 963 1369 Luc.
1000 1303 1067 1369 XI:
1108 1306 1164 1369 51.

139 1421 208 1484 Act.
230 1421 276 1485 V:
301 1420 352 1484 3⁷.
377 1423 394 1482 1
421 1420 491 1485 Cor.
514 1419 561 1486 Xs
585 1422 621 1497 9,
646 1422 697 1483 10.
719 1419 876 1503 Exempla
897 1420 1025 1483 Veteris
1046 1420 1164 1483 Testu-

139 1532 241 1598 menti
262 1531 417 1617 praebent
438 1533 509 1597 Leo.
533 1533 618 1597 VH:
645 1535 702 1611 10,
727 1535 785 1610 11,
810 1535 867 1611 15,
887 1534 938 1597 17.
956 1532 1023 1597 Iob.
1040 1534 1088 1597 V:
1110 1533 1164 1596 15.

140 1648 253 1710 Psalm.
276 1645 424 1711 LXXII:
450 1648 502 1709 19.
523 1644 583 1711 Ies.
605 1644 671 1711 XI:
695 1646 745 1709 13.
764 1644 894 1711 XXVI:
918 1648 975 1724 lt,
993 1644 1050 1709 ubi
1068 1646 1166 1711 Deus

140 1759 302 1837 homines,
324 1759 382 1842 qui
403 1780 471 1824 non
491 1758 697 1838 reviviscent,
720 1758 839 1823 dicitur
859 1749 1040 1831 ἀπολέσαι.
1061 1760 1164 1825 Prae-

141 1872 253 1938 sertim
280 1872 458 1957 comparari
485 1878 628 1952 meretur
656 1871 744 1955 quod
771 1871 909 1955 legimus
938 1872 1024 1956 apud
1052 1892 1165 1937 Arun-

142 2005 309 2051 usoorsu
321 1989 368 2070 1);
383 1977 517 2079 Οὐγάρ
524 1982 585 2057 καὶ
592 1977 740 2076 ἧμαςὼς
748 1978 919 2079 πρόβατα
928 1978 953 2075 ἤ
963 1977 1166 2079 ὑπωζύγια,

140 2090 340 2193 πάρεργον,
359 2096 420 2171 καὶ
437 2097 500 2173 ἵνα
517 2090 748 2189 ἀπολοίμεθα
765 2095 827 2169 καὶ
847 2091 1166 2192 ἆφανισθείημν,

140 2205 336 2285 &dcccvi
366 2205 460 2295 Θεός.
487 2213 585 2278 Quod
608 2213 645 2277 in
670 2212 861 2277 memoriam
885 2218 1014 2279 revocat
1035 2214 1164 2293 iocum,

142 2348 239 2409 quem
268 2326 364 2391 boves
393 2326 458 2391 albi
486 2348 562 2390 cnm
590 2327 704 2391 Marco
733 2327 869 2405 Caesare
896 2327 1000 2410 egisse
1025 2326 1165 2393 tradun-

142 2444 213 2517 tur,
251 2439 297 2518 ei,
334 2462 436 2523 quum
472 2440 708 2524 expeditionem
745 2446 857 2505 contra
891 2441 1001 2506 hostes
1034 2441 1166 2526 imperii

142 2551 307 2632 movebat,
320 2553 382 2617 hac
399 2574 478 2619 voce
494 2554 720 2619 valedicentes:
731 2547 802 2625 ''As‘
820 2546 868 2627 os)
885 2546 1048 2646 νικήσῃς,
1062 2547 1168 2646 ἡμᾶς

142 2657 370 2757 ἀπωλόμεθα
407 2670 445 2752 ³).
480 2667 547 2733 Sed
580 2674 668 2733 recte
700 2674 777 2733 ente
809 2669 929 2733 multos
962 2688 1066 2733 anuos
1098 2669 1167 2745 ism

142 2782 272 2845 monuit
300 2783 492 2865 Anonymus
522 2783 567 2864 ⁴),
596 2782 632 2845 in
661 2782 750 2847 Novi
779 2789 864 2849 certe
893 2783 1096 2863 Testamenti
1125 2782 1167 2847 li·

143 2892 209 2957 bris
236 2893 366 2959 nullum
394 2914 464 2959 esse
492 2895 614 2973 locrun,
640 2893 697 2959 ubi
723 2898 810 2960 tonso
835 2897 897 2961 hoo
923 2918 1020 2962 sensu
1045 2887 1168 2969 ἀπόλ-

143 3005 282 3085 λυσθαι
307 3007 439 3073 dicatur.
461 3008 589 3074 Deinde
612 3008 805 3088 Corinthiis,
828 3016 1001 3075 sectatores
1024 3030 1165 3075 curum

142 3119 178 3185 in
203 3122 304 3187 vitum
327 3128 513 3187 revocatum
540 3123 582 3186 iri
609 3123 819 3207 negantibus,
850 3130 971 3189 temere
998 3123 1168 3207 effingitur

143 3235 318 3315 sententia,
347 3242 491 3301 mortuos
521 3237 616 3321 plane
644 3237 814 3302 interiisse
838 3238 911 3301 Nec
935 3237 1185 3303 convenienter-

144 3346 269 3431 placitis
296 3369 408 3413 eorum
428 3348 562 3414 verbum
584 3340 773 3421 cirwiiossco
797 3351 948 3435 explicari
968 3356 1084 3435 potest·
1100 3350 1178 3423 nisis

145 3459 333 3527 scribamus:
360 3464 394 3526 to
422 3464 595 3527 Getecum
624 3465 749 3527 coniecti
777 3471 864 3540 κακὴ
895 3485 978 3548 quac
1007 3464 1169 3549 interpre-

145 3573 243 3653 tatio,
272 3580 313 3638 ut
344 3573 410 3639 iam
442 3580 539 3641 antea
573 3595 752 3641 nostorum
786 3577 921 3661 aliisque
950 3578 1089 3663 pluunt,
1119 3576 1163 3643 sis

148 3766 306 3780 m

180 3888 203 3948 1)
222 3888 299 3952 chc.
317 3888 399 3951 Bijdr.
418 3890 436 3938 l.
455 3904 478 3939 c.
497 3906 523 3953 p.
542 3892 600 3942 353.

180 3991 203 4054 ¹)
220 3990 340 4056 Led-1⁷7⁰
360 3992 453 4042 Christ.
473 3992 532 4056 Cap.
551 3996 592 4045 31.
610 4012 636 4058 p.
654 3998 704 4047 309
723 4012 794 4047 usn.

181 4094 352 4155 ⁸)Asru1su.
371 4096 485 4147 Marcell.
504 4096 557 4147 Lus.
577 4100 656 4149 XXV.
677 4102 737 4164 Gap.
756 4106 780 4151 4.

148 4196 204 4326 1¹⁸)
221 4198 417 4328 Ῑέἰίξναρωὲθίοί
437 4203 467 4251 de
486 4203 573 4263 Beces.
595 4220 624 4253 en
647 4205 732 4254 Gemi.
754 4206 799 4255 der
821 4206 920 4271 chqel.
951 4208 1121 4270 Wetemtcn

169 4291 219 4328 om.
280 4293 331 4340 .p.
383 4281 408 4329 9.
1105 4292 1110 4301 ’
