2656 4890
432 273 698 339 mraorasrsrm
723 273 814 329 vans.
840 256 889 318 lo.
1126 257 1166 319 55

556 562 664 621 Vm·
687 563 750 620 10.

189 784 261 853 hm
286 780 436 847 humanis
465 781 585 847 Divina
614 782 660 846 sic
691 800 820 847 rsuaos
847 802 1007 867 opponere
1032 776 1162 868 incipit:

136 888 266 991 χάριτι
290 889 333 965 δὲ
357 894 450 966 Θεοῦ
471 891 543 985 εἰμὶ
563 887 585 964 ὅ
606 893 685 985 εἰμι.
713 896 882 974 Gaomus,
910 914 1163 978 succursuros,

139 1007 460 1087 asnoan1us,multi
482 1007 538 1072 elii
560 1028 635 1074 eum
657 1005 718 1073 sibi
740 1007 878 1073 voluisse
899 1014 1032 1094 putant,
1055 1031 1087 1075 sc
1101 1010 1161 1094 fo-

138 1129 225 1189 dom
257 1141 318 1187 esse
350 1120 536 1204 Apostolum.
570 1121 755 1185 Riicunaro
787 1120 911 1200 iudice,
940 1143 1007 1187 non
1035 1128 1163 1211 tantum

137 1255 261 1299 nunus
293 1234 442 1319 Apostoli
470 1234 533 1299 sibi
563 1233 807 1312 demandatum,
841 1234 899 1299 sed
927 1255 1043 1301 omnem
1072 1257 1161 1301 mom

139 1346 335 1430 significavit
355 1347 498 1412 virtulem
517 1353 548 1412 et
570 1367 701 1430 operam.
726 1347 781 1413 Sic
805 1367 880 1413 vero
906 1353 1072 1413 auctorem
1095 1349 1161 1417 iam

138 1465 352 1546 occupantem
379 1459 530 1539 facimus,
560 1481 642 1546 quae
670 1459 756 1525 infra
786 1447 917 1525 demum
946 1454 1159 1547 exponuntur.

135 1574 258 1658 Neque
286 1572 413 1639 credere
440 1594 589 1658 possum,
621 1594 713 1651 eum,
744 1572 771 1636 si
796 1571 1066 1658 praedicationem
1087 1598 1160 1640 mu-

136 1686 227 1753 neris
259 1686 437 1774 Apostolici
469 1691 645 1772 spectaret,
677 1685 738 1751 hac
771 1686 862 1752 tenui
895 1708 1031 1753 usinum
1060 1688 1160 1754 fuisse

139 1799 304 1879 oratione,
330 1806 369 1865 ut
394 1800 560 1867 scriberet:
585 1790 699 1890 εὶμῖὅ
727 1797 807 1890 εἰμι.
835 1801 890 1864 Ita
916 1821 991 1866 vero
1017 1801 1162 1868 studiose

138 1912 304 1999 scripsisse
331 1913 475 1992 videtur,
504 1934 546 1977 ne
575 1912 730 1978 invidiam
757 1912 911 1979 excitaret
934 1934 969 1978 se
990 1915 1162 1999 aequando

139 2046 216 2107 curn
231 2027 412 2112 Apostolis,
435 2047 515 2110 quos
533 2026 621 2111 ipsos
638 2031 735 2112 puto,
755 2026 900 2108 quamvis
919 2027 1036 2091 merita
1054 2048 1158 2092 osum

138 2139 182 2205 de
195 2140 335 2207 nominis
350 2140 526 2207 Christiani
540 2138 769 2226 propagatione
783 2137 868 2205 inter
882 2144 995 2222 gentes
1007 2161 1159 2224 agnosce-

135 2258 230 2332 rent,
258 2253 407 2339 Apostoli
436 2253 570 2319 titulum
595 2253 626 2318 ei
655 2251 795 2317 tribuere
826 2250 983 2320 noluisse..
1007 2251 1158 2318 Vocabu-

135 2365 208 2431 lum
231 2359 337 2460 χάρις
361 2366 449 2453 quod
473 2367 607 2445 attinet,
632 2365 751 2431 frustra
774 2383 960 2458 conclurus
983 2371 1056 2450 post
1078 2365 1158 2430 alios

136 2479 314 2565 disputavit
339 2481 382 2547 ad
406 2479 621 2566 probandum,
649 2476 703 2543 hic
728 2477 889 2562 duplicem
915 2477 984 2541 eius
1007 2499 1076 2544 esse
1097 2494 1157 2545 no-

136 2593 277 2673 tionem,
306 2601 340 2663 ct
369 2594 500 2678 quidem
531 2593 571 2658 ab
600 2592 695 2657 initio
725 2596 758 2656 et
787 2591 824 2653 in
848 2590 956 2654 media
982 2594 1156 2659 sententia:

137 2707 272 2794 bursefim‘e‘
299 2709 423 2796 Dioioi,
464 2707 506 2773 ad
541 2707 654 2772 finem:
675 2706 730 2799 bois
758 2705 899 2768 Divinae.
930 2703 1025 2767 Nihil
1050 2704 1155 2785 aliud,

133 2820 316 2887 uiolariue
340 2819 507 2908 apparebit
532 2820 632 2898 inira,
657 2817 809 2885 laudatur
830 2839 928 2901 quam
943 2817 1072 2900 foooro's
1093 2820 1152 2882 Di·-

133 2935 202 3001 oa'ni
223 2934 405 3022 beneficium.

125 3124 135 3136 ..
179 3049 265 3135 Item
291 3048 392 3136 igitur
415 3046 592 3133 Apostolus
617 3045 662 3109 sic
684 3044 901 3130 persequitur,
927 3050 966 3107 ut
989 3044 1153 3124 ostendat,

134 3181 277 3245 quonam
300 3161 372 3229 loco
397 3166 430 3227 et
456 3180 590 3226 numero
618 3147 737 3223 favoris
765 3155 878 3222 Divini
905 3155 1096 3222 beneficium
1117 3159 1152 3222 in

121 3295 171 3351 ,se
199 3275 352 3359 collatum
379 3273 565 3341 habendum
593 3272 644 3336 sit.
671 3269 779 3337 Verba
805 3270 888 3333 eius:
914 3263 975 3337 καὶ
999 3260 1023 3358 ἡ
1048 3261 1153 3363 χάρις

132 3377 265 3473 αὐτοῦ,
284 3379 310 3478 ἦ
332 3385 377 3467 εἰς
397 3386 475 3478 ἐμὲ,
497 3376 544 3458 οὐ
565 3375 651 3474 κενὴ
674 3373 851 3475 ἐγενήθη,
874 3371 962 3452 ἀλλὰ
980 3374 1152 3476 περισσό-

134 3524 241 3599 coppo
261 3493 386 3577 αὐτῶν
407 3493 558 3573 πάντων
580 3494 767 3584 ἐκοπίασα,
790 3517 862 3581 pars
884 3496 1036 3579 negantia
1062 3503 1152 3576 sumt,

133 3615 363 3700 pereuntia.
394 3617 437 3681 In
463 3612 655 3698 negantibus
680 3610 763 3676 nihil
792 3609 866 3674 miri
893 3608 992 3674 habet
1021 3611 1151 3676 Articu-

123 3720 254 3818 lisso}
271 3728 428 3799 uocabulo
461 3719 567 3822 χάρις
594 3724 809 3811 praepositus,
839 3721 958 3807 quippe
986 3723 1151 3789 infinitum

67 3835 70 3843 ’
118 3833 274 3937 aripert„
307 3843 394 3928 quod
426 3841 605 3927 praecedit,
639 3838 803 3907 definiens.
838 3839 983 3919 Sequens
1012 3836 1151 3915 formula

130 3947 245 4046 ἡμεῖς
263 3955 328 4048 ἐμὲ
360 3954 655 4040 Breviloquentiam
687 3952 833 4018 continet
865 3971 923 4036 pro
956 3941 979 4040 ἡ
1013 3947 1058 4029 εἷς
1086 3949 1150 4040 ἐμὲ

134 4058 229 4141 οὖσα
253 4071 305 4135 vel
329 4069 519 4164 γενομένη.
544 4066 704 4133 Nonnulli
732 4071 854 4132 veteres
880 4063 1049 4129 edidemmt
1078 4068 1150 4128 tan-

134 4187 207 4248 tum
243 4182 288 4264 εἷς
323 4183 402 4276 ἐμὲ,
440 4184 527 4269 quod
559 4203 688 4279 causam
721 4177 920 4265 repetitionis
954 4176 1093 4242 Articuli
1126 4169 1151 4267 ἦ

134 4317 201 4365 non
231 4301 368 4366 assecuti
397 4305 496 4366 erant.
528 4296 667 4364 Inseruit
694 4315 770 4362 vero
800 4292 856 4359 illa
881 4290 922 4357 ad
947 4291 1009 4356 hoc
1030 4290 1149 4357 benefi-
