2656 4890
194 294 236 355 54
479 306 747 351 rurnnrnnrnrro
770 304 864 350 rnna.
887 289 916 349 9.

196 497 335 555 rnnrrc,
371 492 658 539 crunnunnreuro
687 479 845 556 receptae,
877 473 955 538 olim
984 473 1070 538 Viris
1096 475 1213 540 Doctie

194 591 260 656 fere
285 589 467 667 communi,
492 586 625 652 verbum
650 583 840 657 καλεῖσθαι
861 587 897 650 in
918 585 1044 671 scriptis
1065 593 1213 675 veterum

193 725 287 788 saepe
315 724 372 788 pro
400 694 490 774 εἶναι
519 701 659 785 positum
690 719 776 778 esse,
805 720 901 764 nemo
927 700 1066 797 prudene
1090 707 1214 766 stoma-

192 815 349 882 chatum
371 798 481 880 'Nam
513 819 553 878 ut
584 813 767 898 unguem
800 812 893 877 uoce:
920 812 1097 898 annom,
1127 795 1216 880 nnc

192 928 361 1003 verborum
389 927 660 1014 permutationem
688 932 810 991 temere
842 925 1012 991 confictam
1044 946 1131 1006 eece,
1147 929 1214 993 -sic

193 1042 325 1109 verbum
350 1043 470 1115 καλεῖν
495 1040 592 1106 aliam
613 1062 712 1124 quam
734 1040 862 1106 vocandi
882 1040 933 1104 vel
955 1040 1130 1123 appellandi
1149 1060 1212 1105 no-

192 1155 315 1221 tionem
347 1175 513 1241 respuere,
546 1153 609 1239 ipsi
641 1152 708 1232 illi,
742 1174 822 1236 quos
857 1153 1016 1232 excitant,
1049 1158 1216 1220 testantur
1267 1160 1270 1167 '

190 1268 273 1346 loci,
295 1268 345 1332 uti
366 1268 481 1332 Maur.
505 1269 551 1331 V:
575 1269 611 1344 9,
638 1269 686 1331 19.
709 1265 809 1331 XXI:
835 1267 886 1330 13.
910 1268 927 1330 1
953 1266 1061 1332 Ιοιιιι.
1085 1266 1213 1346 111.1',

193 1380 368 1447 dummodo
391 1381 562 1465 diligenter
582 1379 712 1443 lustrati
733 1379 801 1443 sint
823 1381 861 1464 ¹).

237 1496 403 1559 Postrema
420 1493 518 1558 huius
535 1514 660 1558 versus:
680 1483 776 1563 διότι
794 1483 927 1572 ἐδίωξα
940 1484 1010 1583 τὴν
1022 1491 1215 1583 ἐκκλησίαν

191 1608 259 1681 τοῦ
280 1607 387 1685 Θεοῦ,
409 1607 479 1671 sine
498 1604 598 1670 dubio
617 1604 804 1690 explicanda
825 1611 917 1672 sunt:
940 1607 1110 1690 Propterea
1131 1609 1217 1692 qaod

192 1721 325 1787 ιοιιίιιι
352 1721 515 1784 auectam
542 1739 610 1785 ιιιι
637 1719 702 1784 Deo
726 1739 787 1804 per
816 1738 989 1784 cnnmruu
1015 1727 1214 1787 cmmemores.

193 1833 307 1898 Minus
333 1839 419 1898 recte
443 1833 611 1898 notionem
636 1837 735 1898 coeto:
759 1854 780 1897 a
802 1853 1101 1898 nanrscnunrnrno
1123 1833 1213 1899 aliie·

65 1996 67 2000 ,
190 1966 257 2045 ¹que
285 1946 410 2031 urgeri,
439 1967 478 2011 ex
507 1966 546 2011 eo
575 1946 642 2011 iam
670 1953 819 2031 apparet,
849 1947 935 2031 quod
965 1966 1096 2012 rennos
1121 1947 1214 2015 haud

192 2079 284 2124 secus
311 2059 397 2124 mala
419 2064 559 2144 spectat,
588 2080 671 2144 quae
691 2061 892 2126 Damascenis
913 2080 1050 2125 cnnrsnr
1071 2066 1214 2128 sectato-

192 2170 281 2236 ribus
301 2170 424 2238 ‘inferre
448 2164 568 2250 voluit,
597 2194 695 2256 quam
709 2194 802 2258 quae
823 2173 937 2238 intulit
957 2175 1214 2258 Hierosolymam-

192 2287 248 2350 aia
272 2284 428 2350 Similiter
453 2291 562 2350 autem
586 2292 747 2352 sectatore:
772 2304 908 2352 enarum
935 2276 1112 2372 generatim
1136 2308 1213 2375 pro·
1242 2373 1245 2379 Ι

193 2403 358 2482 ponuntur
385 2398 497 2462 multis
526 2399 562 2462 in
586 2398 680 2479 loeis,
706 2401 757 2464 uti
782 2401 858 2485 Cap.
885 2402 919 2466 I:
945 2404 977 2466 2.
998 2401 1045 2467 X:
1069 2404 1121 2466 32.
1143 2402 1212 2469 XI:

193 2512 245 2573 22.
275 2512 298 2573 2
330 2511 400 2575 Cor.
431 2512 467 2576 I:
501 2514 538 2590 l,
567 2511 665 2591 item,
700 2513 767 2576 Gal.
796 2515 830 2579 I:
861 2514 901 2593 3,
931 2513 988 2578 uhi
1014 2509 1213 2606 dicunturip

192 2620 358 2714 ἐκκλησία
386 2625 455 2696 τοῦ
487 2625 595 2703 Θεοῦ,
626 2624 779 2708 quoniam
806 2625 972 2692 Divinitas
1000 2627 1213 2714 repetendum

193 2741 259 2814 est,
290 2735 447 2820 quidquid
475 2736 517 2802 ad
545 2737 731 2803 societatem
762 2758 897 2803 cnarsrr
923 2739 1071 2825 pertinet.
1100 2741 1214 2808 Quare

193 2847 340 2914 homines
372 2850 487 2914 itidem
515 2852 580 2915 Deo
609 2843 785 2917 consecrati
813 2850 951 2938 intelligi
984 2852 1102 2920 debent
1130 2856 1216 2922 Pata

193 2964 270 3030 III:
293 2963 315 3026 6
337 2969 370 3028 et
391 2963 486 3041 alibi,
510 2964 639 3030 tametsi
660 2964 756 3030 verba
776 2967 844 3036 τοῦ
870 2966 962 3038 Θεοῦ
980 2986 1127 3052 expressa
1143 2966 1214 3033 non

194 3078 268 3142 sint.
290 3079 408 3161 Neque
429 3076 519 3142 aliud
540 3077 654 3144 suadet
675 3079 813 3144 formula
835 3077 873 3151 αἱ
898 3070 1077 3172 ἐκκλησίαι
1100 3062 1215 3154 πείσαι

193 3191 261 3264 τοῦ
286 3194 452 3279 Χριστοῦ
477 3193 566 3258 Rom.
590 3192 691 3258 XVI:
721 3195 771 3258 16.
795 3195 887 3260 Deus
913 3194 1000 3259 enim
1025 3193 1085 3260 hos
1106 3195 1214 3260 nomi-

194 3305 245 3370 nis
268 3306 319 3370 sui
340 3306 497 3385 cultores,
524 3307 574 3371 uti
595 3328 710 3393 corpus
732 3306 848 3392 capiti,
872 3327 1017 3372 cnursro
1039 3307 1214 3391 subiecisse

194 3417 327 3497 dicitur,
362 3425 521 3502 quatenus
550 3421 639 3486 hunc
668 3423 755 3504 repat
784 3424 832 3485 eui
860 3421 997 3487 faciebat
1025 3422 1214 3505 Principem

196 3530 244 3595 cf.
267 3532 347 3616 Epa.
369 3533 403 3597 I:
426 3536 472 3597 20
493 3554 560 3616 sqq.
584 3534 669 3617 Ergo
693 3534 864 3599 Genitivue
887 3536 953 3607 τοῦ
972 3535 1138 3628 Χριστοῦ
1149 3554 1212 3600 ex-

194 3642 361 3731 plicandus
380 3652 429 3710 eet
449 3644 488 3716 αἱ
509 3637 550 3718 ἓν
569 3647 736 3739 Χριστῷ,
755 3648 841 3731 quod
859 3648 994 3734 legimus
1016 3649 1135 3743 Gall:
1156 3650 1215 3712 22.

195 3756 290 3822 Adde
317 3760 333 3822 l
369 3759 468 3823 mess.
495 3760 551 3824 II:
580 3762 640 3839 14,
668 3749 735 3825 ubi¹
749 3762 829 3827 haec
850 3763 1019 3848 explicatio
1042 3760 1215 3846 insigniter

195 3871 402 3936 confirmatur
446 3872 750 3939 commemoratione
792 3877 869 3948 τῶν
908 3874 1105 3971 ἐκκλησιῶν
1141 3876 1216 3947 τοῦ

200 3984 307 4072 Θεοῦ,
326 3986 402 4058 τῶν
423 3976 546 4058 οὐσῶν
567 3987 608 4059 ἐν
628 3989 674 4079 τῇ
687 3979 842 4082 Ἰουδαίᾳ
860 3986 900 4060 ἐν
921 3990 1071 4082 Χριστῷ
1085 3980 1215 4087 Ἰησοῦ.

139 4193 141 4197 ’
230 4223 254 4287 ι)
271 4223 310 4274 οι.
329 4239 433 4276 wrcen.
454 4220 562 4275 cramm.
581 4232 606 4288 p.
626 4226 689 4283 ιιι,
709 4225 766 4276 ιιι.
