2656 4890
146 286 168 345 8
561 301 748 348 55555555.

148 467 407 537 subvectione
427 467 1161 555 id‘unumrsnnusegit,ut·teotn·secistonon

149 592 285 646 55555
317 582 420 647 reditu
454 583 488 646 io
511 583 606 649 ctam
626 589 740 648 contro
759 583 990 648 nonnullorum
1017 582 1161 666 argutius

150 693 351 760 defendendo
369 694 514 790 'iacentes
531 694 647 778 eriget,
670 701 794 760 stantes
811 696 848 759 in
864 694 1160 777 fido¹eoniirmet¹).

150 807 259 874 Quod·
276 808 317 872 ist
340 805 401 870 sibi
427 826 467 872 cx
490 811 567 871 voto
592 807 757 886 succedat,
782 806 1026 873 ratiocinatione
1058 807 1165 871 utitm

150 918 309 1004 exipsius
326 936 462 982 cmusrr
479 918 646 984 reditu-de
662 920 798 984 mortuis
817 936 943 999 exorsu,
965 940 1023 1004 per
1040 919 1163 1003 digres-

150 1032 257 1097 siones
279 1031 475 1116 populariter
493 1031 683 1097 continuato
705 1039 739 1098 et
758 1054 803 1098 vs.
827 1035 870 1098 58
888 1033 930 1098 ed
946 1032 1163 1098 hortationem

151 1143 272 1222 decu,
292 1143 330 1207 in
350 1165 416 1228 555·
435 1145 606 1210 consilium
626 1146 767 1210 auctoris
789 1146 937 1210 cernitur.

195 1258 273 1322 Una
307 1262 410 1322 restat
445 1257 590 1342 quaestio
627 1278 729 1342 esque
757 1258 946 1343 gravissime
976 1259 1015 1322 de
1034 1263 1166 1340 ternpore

152 1371 299 1436 55555555
318 1372 352 1433 in
372 1372 468 1435 555555
486 1371 683 1436 sectatoribus
707 1390 843 1435 555155
866 1373 1030 1436 emtione
1056 1369 1167 1434 Primo

152 1484 284 1569 quidem
312 1483 468 1568 adspectu
482 1502 624 1547 ‘esurus
652 1485 715 1548 boc
743 1484 779 1548 in
809 1484 923 1569 Capite
950 1504 995 1547 vs.
1027 1483 1167 1560 1515,

93 1616 96 1621 ·
155 1599 214 1675 15,
246 1599 286 1660 17
317 1617 385 1680 sqq.
414 1597 474 1675 26,
504 1598 564 1674 29,
584 1599 640 1675 32,
664 1599 707 1661 35
727 1618 795 1680 sqq.
817 1599 862 1661 42
883 1617 951 1680 sqq.
974 1599 1019 1661 49
1040 1604 1167 1679 tempus

153 1710 295 1774 indicare
329 1708 458 1773 ridetur
494 1708 748 1792 uniuscuiusque
778 1715 918 1774 mortem
942 1709 1100 1773 continuo
1115 1726 1168 1773 se·

154 1842 267 1906 55555
280 1821 345 1887 Sed
355 1822 384 1886 si
394 1821 631 1887 huncmentem
641 1823 672 1887 ei
682 1821 866 1901 tribuimus,
876 1842 1004 1887 sumere
1013 1821 1169 1905 cogimur,

155 1934 243 2018 quod
280 1936 316 1998 in
345 1934 583 1999 oimumiectum
615 1934 881 2020 disputationem,
914 1935 1102 2019 praesertim
1133 1935 1169 1999 in

156 2070 201 2112 vs.
231 2051 271 2112 51
304 2052 337 2112 55
367 2050 410 2112 52
431 2047 574 2112 incurrit.
601 2046 655 2112 Ibi
680 2048 766 2112 onim
791 2048 966 2132 Apostolus
990 2047 1171 2112 luculenter

155 2161 265 2240 (15555,
301 2160 371 2226 fore
411 2160 599 2246 oiiqusndo,
636 2166 675 2225 ut
703 2180 841 2225 onerent
871 2165 1044 2225 seetetores
1072 2159 1170 2224 simul

157 2294 268 2340 omnes
296 2275 332 2339 in
360 2273 461 2339 vitum
490 2277 687 2355 revocentur.
717 2273 838 2337 Contru
867 2273 951 2336 benc
980 2278 1090 2337 autem
1112 2271 1169 2336 do·

156 2372 672 2472 cuinam'locossupraexoitstos
682 2385 1171 2471 tsuumrepugnare,siminus

157 2505 305 2565 accurate
324 2499 533 2585 explicentur,
551 2500 588 2563 in
607 2499 862 2578 Commentario,
881 2500 945 2564 nisi
955 2498 1059 2576 folior,
1071 2497 1171 2563 effeci.

157 2608 256 2698 Ergo
278 2634 346 2678 non
381 2612 511 2693 dubito,
542 2613 622 2697 quin
651 2618 722 2678 toto
749 2613 811 2679 hoo
840 2612 876 2679 in
905 2613 1019 2699 Capite
1040 2631 1171 2677 rennos
1234 2612 1239 2616 “

157 2726 369 2792 sectatoribus
405 2745 542 2790 onnrsrr
579 2746 670 2812 spem
704 2726 816 2792 iecerit
851 2725 1015 2791 beatitatis
1042 2724 1173 2791 futurae

159 2860 270 2906 omnes
298 2861 365 2905 uno
396 2839 572 2924 eodemque
601 2845 744 2924 temporo
772 2839 942 2905 manentis.
971 2840 1081 2924 Atque
1109 2834 1173 2902 hoc

158 2954 264 3037 ipsum
293 2954 329 3017 in
357 2953 429 3017 oiiis
458 2952 556 3017 Novi·
575 2951 774 3018 Testamenti
795 2952 921 3038 seriptis
943 2951 1033 3016 haud
1053 2951 1173 3016 5555555

160 3066 333 3150 quaeritur,
351 3065 428 3132 licet
446 3065 640 3151 excipiamus
660 3063 755 3131 effato
772 3082 850 3130 suso
868 3065 1107 3141 1555511528,
1120 3065 1172 3128 29.

160 3180 225 3243 VI:
256 3182 315 3258 39,
345 3183 404 3258 40,
433 3183 492 3258 m,
517 3181 559 3243 54
582 3182 623 3263 ²),
646 3199 708 3250 555
727 3179 885 3245 rationem
907 3154 1083 3243 babeamus
1103 3177 1172 3261 opi-

161 3307 323 3326 *
422 3319 424 3323 .

195 3381 217 3443 ¹)
239 3380 322 3430 Minus
343 3386 410 3432 recte
432 3378 555 3433 wrrrrts
577 3383 596 3431 l.
619 3393 643 3431 c.
664 3381 766 3430 555555
782 3378 885 3446 vestigia
906 3391 1012 3441 sequens
1036 3375 1174 3434 contendit,

160 3470 274 3508 555555
305 3459 331 3507 id
357 3459 434 3526 magis
462 3460 554 3526 egisse,
579 3465 608 3509 ut
632 3460 824 3517 Corinthiorum,
852 3457 894 3520 qui
915 3457 997 3519 pravis
1019 3453 1175 3519 opinionibus

159 3538 270 3588 noudum
295 3538 403 3601 corrupti
419 3543 513 3599 essent,
535 3536 698 3588 imbecilliem·
714 3542 880 3595 5555555555,
897 3544 971 3598 quam
984 3540 1018 3584 55
1035 3546 1119 3583 earum
1134 3544 1175 3582 re·

159 3616 258 3666 felleret
274 3621 395 3667 auctores.
413 3617 483 3667 Inter
501 3617 638 3666 Corinthos
648 3615 721 3665 'enim
735 3615 822 3676 imme,
838 3615 880 3678 qui
893 3613 1034 3664 hominibus
1046 3612 1176 3662 11555555

159 3694 319 3758 praeberent,
344 3700 443 3759 praeter
467 3694 543 3746 verbs
564 3708 602 3745 rs.
629 3696 661 3744 ³4
685 3687 750 3762 πρὸς
775 3686 900 3762 ἐντροπὴν
915 3686 977 3758 ripis
994 3692 1057 3757 sepo
1074 3695 1101 3740 et
1116 3689 1176 3748 siis,

160 3774 235 3825 totius
247 3773 417 3839 disputationis
433 3788 472 3824 vs.
491 3775 571 3824 tiam
588 3774 661 3824 docet
673 3773 778 3823 initium.
999 3784 1002 3791 ·
1061 3776 1064 3783 '

195 3864 218 3929 ¹)
234 3867 367 3915 15555115
382 3868 427 3926 28,
445 3852 477 3917 2'9
494 3865 716 3932 vulgointerpretes
730 3878 878 3924 mmmmm
890 3865 1043 3912 mortuorum
1054 3872 1177 3926 opressum

161 3961 192 3996 55
209 3946 328 4009 sepulcris
353 3946 456 4008 proponi
477 3949 629 4004 sumserunt,
656 3943 729 3994 etism
757 3945 886 4002 niceros,
905 3944 1038 3991 Commeat.
1054 3942 1115 3990 iiber
1132 3940 1178 3989 dos

161 4024 205 4074 Ec.
233 4024 276 4072 des
300 4017 354 4072 Job.
381 4024 428 4074 Ed.
455 4026 494 4074 111
519 4026 551 4074 ad
575 4025 602 4074 h.
626 4025 644 4072 l.
669 4025 695 4072 et
718 4024 885 4081 recursus,
903 4013 949 4070 der
965 4018 1177 4084 Lebrbepriff'des

160 4104 276 4167 Econpet
303 4106 350 4151 cet.
374 4119 400 4165 p.
424 4106 486 4162 280;
510 4105 559 4153 iam
582 4105 624 4154 diu
647 4109 990 4161 intermissurum
1008 4099 1034 4147 in
1051 4098 1176 4146 Meletem.

162 4183 231 4231 Saer.
255 4181 295 4230 sd.
314 4181 340 4229 h.
358 4183 376 4230 l.
394 4186 447 4231 tum
464 4183 490 4232 iu
511 4183 675 4247 disputatione
692 4185 722 4232 de
739 4181 919 4232 resurrectione
936 4179 1090 4228 mortuorum
1106 4176 1176 4224 5555-

156 4263 217 4326 flcio
232 4274 362 4319 crimem,
379 4260 470 4311 inserts
487 4262 576 4325 opusc.
592 4264 670 4312 15551.
689 4262 726 4311 ibi
744 4274 803 4310 vero
820 4274 846 4321 p.
865 4257 924 4317 475,
942 4257 990 4307 tto
1008 4255 1110 4322 largitus
1125 4259 1177 4312 est,

160 4341 186 4388 in
204 4340 321 4404 loquendi
337 4353 408 4390 usum
424 4356 474 4392 uon
487 4357 601 4404 peccare,
619 4343 660 4404 qui
676 4337 734 4397 τοὺς
750 4338 779 4390 ἐν
795 4342 849 4394 τοῖς
862 4338 994 4404 μνημείοις
1011 4336 1176 4398 interpreten-
