<?xml version="1.0" encoding="UTF-8"?>
<!DOCTYPE html PUBLIC "-//W3C//DTD XHTML 1.0 Transitional//EN"
    "http://www.w3.org/TR/xhtml1/DTD/xhtml1-transitional.dtd">
<html xmlns="http://www.w3.org/1999/xhtml" xml:lang="en" lang="en">
 <head>
  <title>
</title>
<meta http-equiv="Content-Type" content="text/html;charset=utf-8" />
  <meta name='ocr-system' content='tesseract 3.04.00' />
  <meta name='ocr-capabilities' content='ocr_page ocr_carea ocr_par ocr_line ocrx_word'/>
</head>
<body>
  <div class='ocr_page' id='page_1' title='image "./commentariusper00henggoog_0168.png"; bbox 0 0 2656 4890; ppageno 0'>
   <div class='ocr_carea' id='block_1_1' title="bbox 450 292 1185 353">
    <p class='ocr_par' dir='ltr' id='par_1_1' title="bbox 450 292 1185 353">
     <span class='ocr_line' id='line_1_1' title="bbox 450 292 1185 353; baseline 0.003 -6"><span class='ocrx_word' id='word_1_1' title='bbox 450 305 715 349; x_wconf 73' lang='lat' dir='ltr'>isrseeneramo</span> <span class='ocrx_word' id='word_1_2' title='bbox 741 306 831 349; x_wconf 78' lang='lat' dir='ltr'>verm.</span> <span class='ocrx_word' id='word_1_3' title='bbox 856 292 906 350; x_wconf 73' lang='lat'>529.</span> <span class='ocrx_word' id='word_1_4' title='bbox 1126 293 1185 353; x_wconf 77' lang='lat'>130</span> 
     </span>
    </p>
   </div>
   <div class='ocr_carea' id='block_1_2' title="bbox 151 476 1185 4093">
    <p class='ocr_par' dir='ltr' id='par_1_2' title="bbox 151 476 1185 2832">
     <span class='ocr_line' id='line_1_2' title="bbox 161 476 1184 558; baseline 0.003 -21"><span class='ocrx_word' id='word_1_5' title='bbox 161 476 307 540; x_wconf 84' lang='lat' dir='ltr'>reditum</span> <span class='ocrx_word' id='word_1_6' title='bbox 333 482 534 538; x_wconf 85' lang='lat' dir='ltr'>mortuorum</span> <span class='ocrx_word' id='word_1_7' title='bbox 562 477 596 537; x_wconf 90' lang='lat' dir='ltr'>in</span> <span class='ocrx_word' id='word_1_8' title='bbox 623 476 721 538; x_wconf 87' lang='lat' dir='ltr'>vitam</span> <span class='ocrx_word' id='word_1_9' title='bbox 744 485 898 558; x_wconf 79' lang='lat' dir='ltr'>negarent</span> <span class='ocrx_word' id='word_1_10' title='bbox 921 478 970 540; x_wconf 83' lang='lat' dir='ltr'>vel</span> <span class='ocrx_word' id='word_1_11' title='bbox 993 478 1027 539; x_wconf 92' lang='lat' dir='ltr'>in</span> <span class='ocrx_word' id='word_1_12' title='bbox 1051 477 1184 540; x_wconf 90' lang='lat' dir='ltr'>dubium</span> 
     </span>
     <span class='ocr_line' id='line_1_3' title="bbox 163 589 1184 672; baseline 0.003 -22"><span class='ocrx_word' id='word_1_13' title='bbox 163 597 332 666; x_wconf 83' lang='lat' dir='ltr'>vocarent,</span> <span class='ocrx_word' id='word_1_14' title='bbox 355 589 507 655; x_wconf 81' lang='lat' dir='ltr'>refellisse</span> <span class='ocrx_word' id='word_1_15' title='bbox 530 589 714 672; x_wconf 85' lang='lat' dir='ltr'>usurpando</span> <span class='ocrx_word' id='word_1_16' title='bbox 736 590 898 672; x_wconf 89' lang='lat' dir='ltr'>exemplo,</span> <span class='ocrx_word' id='word_1_17' title='bbox 918 591 985 667; x_wconf 87' lang='lat' dir='ltr'>cui,</span> <span class='ocrx_word' id='word_1_18' title='bbox 1005 597 1043 654; x_wconf 90' lang='lat' dir='ltr'>ut</span> <span class='ocrx_word' id='word_1_19' title='bbox 1065 610 1184 653; x_wconf 76' lang='lat' dir='ltr'>canvi-</span> 
     </span>
     <span class='ocr_line' id='line_1_4' title="bbox 166 684 1184 788; baseline 0.006 -25"><span class='ocrx_word' id='word_1_20' title='bbox 166 720 229 767; x_wconf 83' lang='lat' dir='ltr'>uus</span> <span class='ocrx_word' id='word_1_21' title='bbox 248 705 309 780; x_wconf 87' lang='lat' dir='ltr'>ait,</span> <span class='ocrx_word' id='word_1_22' title='bbox 330 684 489 786; x_wconf 83' lang='lat' dir='ltr'>opponere</span> <span class='ocrx_word' id='word_1_23' title='bbox 506 710 651 786; x_wconf 79' lang='lat' dir='ltr'><strong>possent:</strong></span> <span class='ocrx_word' id='word_1_24' title='bbox 674 702 763 767; x_wconf 78' lang='lat' dir='ltr'>Quid</span> <span class='ocrx_word' id='word_1_25' title='bbox 783 724 841 766; x_wconf 86' lang='lat' dir='ltr'>nos</span> <span class='ocrx_word' id='word_1_26' title='bbox 861 703 938 766; x_wconf 93' lang='lat' dir='ltr'>anili</span> <span class='ocrx_word' id='word_1_27' title='bbox 957 706 1184 788; x_wconf 77' lang='lat' dir='ltr'>superstitione</span> 
     </span>
     <span class='ocr_line' id='line_1_5' title="bbox 166 815 1185 902; baseline 0.002 -22"><span class='ocrx_word' id='word_1_28' title='bbox 166 838 275 902; x_wconf 84' lang='lat' dir='ltr'>urges,</span> <span class='ocrx_word' id='word_1_29' title='bbox 303 836 386 899; x_wconf 91' lang='lat' dir='ltr'>quae</span> <span class='ocrx_word' id='word_1_30' title='bbox 412 836 471 880; x_wconf 87' lang='lat' dir='ltr'>nee</span> <span class='ocrx_word' id='word_1_31' title='bbox 498 816 558 879; x_wconf 90' lang='lat' dir='ltr'>tibi</span> <span class='ocrx_word' id='word_1_32' title='bbox 585 815 716 899; x_wconf 88' lang='lat' dir='ltr'>quidem</span> <span class='ocrx_word' id='word_1_33' title='bbox 745 816 917 899; x_wconf 80' lang='lat' dir='ltr'>probatur?</span> <span class='ocrx_word' id='word_1_34' title='bbox 944 819 1028 881; x_wconf 71' lang='lat' dir='ltr'>&#39;lum</span> <span class='ocrx_word' id='word_1_35' title='bbox 1059 840 1185 901; x_wconf 90' lang='lat' dir='ltr'>quoque</span> 
     </span>
     <span class='ocr_line' id='line_1_6' title="bbox 170 929 1184 1016; baseline 0.002 -23"><span class='ocrx_word' id='word_1_36' title='bbox 170 931 358 1016; x_wconf 83' lang='lat' dir='ltr'>Apostolus,</span> <span class='ocrx_word' id='word_1_37' title='bbox 375 932 431 1013; x_wconf 92' lang='lat' dir='ltr'>qui</span> <span class='ocrx_word' id='word_1_38' title='bbox 449 951 492 992; x_wconf 90' lang='lat' dir='ltr'>vs.</span> <span class='ocrx_word' id='word_1_39' title='bbox 513 933 557 993; x_wconf 91' lang='lat'>30</span> <span class='ocrx_word' id='word_1_40' title='bbox 576 950 641 1012; x_wconf 93' lang='lat' dir='ltr'>sqq.</span> <span class='ocrx_word' id='word_1_41' title='bbox 662 929 702 993; x_wconf 86' lang='lat' dir='ltr'>ad</span> <span class='ocrx_word' id='word_1_42' title='bbox 721 930 876 993; x_wconf 88' lang='lat' dir='ltr'>tuendam</span> <span class='ocrx_word' id='word_1_43' title='bbox 891 930 1085 1008; x_wconf 85' lang='lat' dir='ltr'>doctrinam,</span> <span class='ocrx_word' id='word_1_44' title='bbox 1101 954 1184 995; x_wconf 85' lang='lat' dir='ltr'>mor-</span> 
     </span>
     <span class='ocr_line' id='line_1_7' title="bbox 171 1043 1184 1128; baseline 0.001 -21"><span class='ocrx_word' id='word_1_45' title='bbox 171 1049 238 1108; x_wconf 84' lang='lat' dir='ltr'>tuos</span> <span class='ocrx_word' id='word_1_46' title='bbox 264 1045 299 1107; x_wconf 93' lang='lat' dir='ltr'>in</span> <span class='ocrx_word' id='word_1_47' title='bbox 330 1045 430 1107; x_wconf 81' lang='lat' dir='ltr'>vitam</span> <span class='ocrx_word' id='word_1_48' title='bbox 460 1043 618 1107; x_wconf 88' lang='lat' dir='ltr'>redituros</span> <span class='ocrx_word' id='word_1_49' title='bbox 649 1063 732 1120; x_wconf 89' lang='lat' dir='ltr'>esse,</span> <span class='ocrx_word' id='word_1_50' title='bbox 759 1044 857 1107; x_wconf 89' lang='lat' dir='ltr'>nullis</span> <span class='ocrx_word' id='word_1_51' title='bbox 888 1045 958 1107; x_wconf 84' lang='lat' dir='ltr'>aliis</span> <span class='ocrx_word' id='word_1_52' title='bbox 989 1047 1184 1128; x_wconf 84' lang='lat' dir='ltr'>argumentis</span> 
     </span>
     <span class='ocr_line' id='line_1_8' title="bbox 172 1157 1185 1241; baseline 0.001 -19"><span class='ocrx_word' id='word_1_53' title='bbox 172 1178 261 1240; x_wconf 85' lang='lat' dir='ltr'>qnam</span> <span class='ocrx_word' id='word_1_54' title='bbox 285 1157 433 1241; x_wconf 80' lang='lat' dir='ltr'>gravibus</span> <span class='ocrx_word' id='word_1_55' title='bbox 456 1158 575 1234; x_wconf 90' lang='lat' dir='ltr'>utitur,</span> <span class='ocrx_word' id='word_1_56' title='bbox 594 1158 656 1220; x_wconf 90' lang='lat' dir='ltr'>hoc</span> <span class='ocrx_word' id='word_1_57' title='bbox 674 1157 745 1220; x_wconf 92' lang='lat' dir='ltr'>loco</span> <span class='ocrx_word' id='word_1_58' title='bbox 763 1158 941 1221; x_wconf 85' lang='lat' dir='ltr'>censendus</span> <span class='ocrx_word' id='word_1_59' title='bbox 960 1180 1026 1221; x_wconf 92' lang='lat' dir='ltr'>non</span> <span class='ocrx_word' id='word_1_60' title='bbox 1046 1166 1095 1223; x_wconf 90' lang='lat' dir='ltr'>est</span> <span class='ocrx_word' id='word_1_61' title='bbox 1113 1181 1133 1222; x_wconf 89' lang='lat' dir='ltr'>a</span> <span class='ocrx_word' id='word_1_62' title='bbox 1151 1181 1185 1223; x_wconf 86' lang='lat' dir='ltr'>se</span> 
     </span>
     <span class='ocr_line' id='line_1_9' title="bbox 172 1270 1184 1355; baseline 0.003 -21"><span class='ocrx_word' id='word_1_63' title='bbox 172 1270 336 1355; x_wconf 76' lang='lat' dir='ltr'>impetrare</span> <span class='ocrx_word' id='word_1_64' title='bbox 354 1272 512 1355; x_wconf 84' lang='lat' dir='ltr'>potuisse,</span> <span class='ocrx_word' id='word_1_65' title='bbox 528 1278 566 1333; x_wconf 91' lang='lat' dir='ltr'>ut</span> <span class='ocrx_word' id='word_1_66' title='bbox 583 1272 864 1336; x_wconf 80' lang='lat' dir='ltr'>ratiocinationem</span> <span class='ocrx_word' id='word_1_67' title='bbox 882 1271 1048 1336; x_wconf 89' lang='lat' dir='ltr'>adhiberet</span> <span class='ocrx_word' id='word_1_68' title='bbox 1065 1272 1107 1337; x_wconf 84' lang='lat' dir='ltr'>ab</span> <span class='ocrx_word' id='word_1_69' title='bbox 1125 1275 1184 1337; x_wconf 91' lang='lat' dir='ltr'>ho-</span> 
     </span>
     <span class='ocr_line' id='line_1_10' title="bbox 172 1384 1185 1470; baseline 0.001 -21"><span class='ocrx_word' id='word_1_70' title='bbox 172 1386 289 1449; x_wconf 85' lang='lat' dir='ltr'>minum</span> <span class='ocrx_word' id='word_1_71' title='bbox 314 1384 438 1467; x_wconf 86' lang='lat' dir='ltr'>aliquot</span> <span class='ocrx_word' id='word_1_72' title='bbox 463 1385 606 1448; x_wconf 87' lang='lat' dir='ltr'>vanitate</span> <span class='ocrx_word' id='word_1_73' title='bbox 633 1385 783 1468; x_wconf 88' lang='lat' dir='ltr'>petitam,</span> <span class='ocrx_word' id='word_1_74' title='bbox 807 1405 913 1467; x_wconf 89' lang='lat' dir='ltr'>neque</span> <span class='ocrx_word' id='word_1_75' title='bbox 939 1387 1117 1470; x_wconf 84' lang='lat' dir='ltr'>appositam</span> <span class='ocrx_word' id='word_1_76' title='bbox 1144 1389 1185 1450; x_wconf 88' lang='lat' dir='ltr'>ad</span> 
     </span>
     <span class='ocr_line' id='line_1_11' title="bbox 170 1497 1183 1582; baseline 0.004 -22"><span class='ocrx_word' id='word_1_77' title='bbox 170 1497 349 1562; x_wconf 91' lang='lat' dir='ltr'>hominibus</span> <span class='ocrx_word' id='word_1_78' title='bbox 373 1498 534 1562; x_wconf 77' lang='lat' dir='ltr'>erectionis</span> <span class='ocrx_word' id='word_1_79' title='bbox 557 1499 678 1582; x_wconf 88' lang='lat' dir='ltr'>ingenii</span> <span class='ocrx_word' id='word_1_80' title='bbox 701 1499 973 1582; x_wconf 89' lang='lat' dir='ltr'>persuadendum,</span> <span class='ocrx_word' id='word_1_81' title='bbox 994 1521 1028 1564; x_wconf 90' lang='lat' dir='ltr'>se</span> <span class='ocrx_word' id='word_1_82' title='bbox 1048 1500 1183 1565; x_wconf 89' lang='lat' dir='ltr'>beatita-</span> 
     </span>
     <span class='ocr_line' id='line_1_12' title="bbox 167 1613 1183 1692; baseline 0.002 -16"><span class='ocrx_word' id='word_1_83' title='bbox 167 1616 229 1676; x_wconf 84' lang='lat' dir='ltr'>tem</span> <span class='ocrx_word' id='word_1_84' title='bbox 252 1618 480 1676; x_wconf 86' lang='lat' dir='ltr'>consecuturos</span> <span class='ocrx_word' id='word_1_85' title='bbox 504 1633 580 1676; x_wconf 85' lang='lat' dir='ltr'>esse.</span> <span class='ocrx_word' id='word_1_86' title='bbox 601 1613 668 1677; x_wconf 76' lang='lat' dir='ltr'>Qui</span> <span class='ocrx_word' id='word_1_87' title='bbox 687 1634 761 1676; x_wconf 87' lang='lat' dir='ltr'>eum</span> <span class='ocrx_word' id='word_1_88' title='bbox 781 1633 926 1676; x_wconf 75' lang='lat' dir='ltr'>renuero</span> <span class='ocrx_word' id='word_1_89' title='bbox 945 1616 1053 1692; x_wconf 84' lang='lat' dir='ltr'>aiunt,</span> <span class='ocrx_word' id='word_1_90' title='bbox 1074 1621 1183 1678; x_wconf 89' lang='lat' dir='ltr'>aucto-</span> 
     </span>
     <span class='ocr_line' id='line_1_13' title="bbox 163 1727 1182 1810; baseline 0.001 -20"><span class='ocrx_word' id='word_1_91' title='bbox 163 1744 231 1790; x_wconf 73' lang='lat' dir='ltr'>rem</span> <span class='ocrx_word' id='word_1_92' title='bbox 250 1727 466 1810; x_wconf 87' lang='lat' dir='ltr'>argumentari</span> <span class='ocrx_word' id='word_1_93' title='bbox 485 1747 524 1789; x_wconf 78' lang='lat' dir='ltr'>en</span> <span class='ocrx_word' id='word_1_94' title='bbox 537 1744 688 1802; x_wconf 81' lang='lat' dir='ltr'>cmmessc,</span> <span class='ocrx_word' id='word_1_95' title='bbox 705 1727 848 1803; x_wconf 83' lang='lat' dir='ltr'>videant,</span> <span class='ocrx_word' id='word_1_96' title='bbox 865 1748 1000 1810; x_wconf 87' lang='lat' dir='ltr'>quaeso,</span> <span class='ocrx_word' id='word_1_97' title='bbox 1016 1749 1057 1790; x_wconf 88' lang='lat' dir='ltr'>an</span> <span class='ocrx_word' id='word_1_98' title='bbox 1072 1729 1107 1790; x_wconf 90' lang='lat' dir='ltr'>in</span> <span class='ocrx_word' id='word_1_99' title='bbox 1122 1729 1182 1791; x_wconf 91' lang='lat' dir='ltr'>hu-</span> 
     </span>
     <span class='ocr_line' id='line_1_14' title="bbox 160 1837 1184 1924; baseline 0.004 -24"><span class='ocrx_word' id='word_1_100' title='bbox 160 1837 303 1904; x_wconf 91' lang='lat' dir='ltr'>iusmodi</span> <span class='ocrx_word' id='word_1_101' title='bbox 329 1841 606 1924; x_wconf 85' lang='lat' dir='ltr'>argumentatione</span> <span class='ocrx_word' id='word_1_102' title='bbox 631 1841 825 1924; x_wconf 88' lang='lat' dir='ltr'>praesidium</span> <span class='ocrx_word' id='word_1_103' title='bbox 851 1842 960 1924; x_wconf 89' lang='lat' dir='ltr'>quaeri</span> <span class='ocrx_word' id='word_1_104' title='bbox 983 1842 1098 1919; x_wconf 85' lang='lat' dir='ltr'>soleat,</span> <span class='ocrx_word' id='word_1_105' title='bbox 1121 1843 1184 1905; x_wconf 85' lang='lat' dir='ltr'>nisi</span> 
     </span>
     <span class='ocr_line' id='line_1_15' title="bbox 157 1954 1183 2037; baseline -0.001 -19"><span class='ocrx_word' id='word_1_106' title='bbox 157 1954 375 2033; x_wconf 73' lang='lat' dir='ltr'>persuadendi</span> <span class='ocrx_word' id='word_1_107' title='bbox 398 1955 445 2017; x_wconf 85' lang='lat' dir='ltr'>vis</span> <span class='ocrx_word' id='word_1_108' title='bbox 468 1956 498 2019; x_wconf 90' lang='lat' dir='ltr'>ei</span> <span class='ocrx_word' id='word_1_109' title='bbox 516 1955 621 2018; x_wconf 87' lang='lat' dir='ltr'>inesse</span> <span class='ocrx_word' id='word_1_110' title='bbox 639 1960 814 2017; x_wconf 87' lang='lat' dir='ltr'>censeatur.</span> <span class='ocrx_word' id='word_1_111' title='bbox 834 1956 984 2037; x_wconf 90' lang='lat' dir='ltr'>Denique</span> <span class='ocrx_word' id='word_1_112' title='bbox 1003 1975 1132 2018; x_wconf 67' lang='lat' dir='ltr'>paunus</span> <span class='ocrx_word' id='word_1_113' title='bbox 1156 1957 1183 2017; x_wconf 91' lang='lat' dir='ltr'>si</span> 
     </span>
     <span class='ocr_line' id='line_1_16' title="bbox 155 2062 1182 2150; baseline -0.001 -19"><span class='ocrx_word' id='word_1_114' title='bbox 155 2084 205 2131; x_wconf 84' lang='lat' dir='ltr'>vs.</span> <span class='ocrx_word' id='word_1_115' title='bbox 230 2071 275 2130; x_wconf 77' lang='lat'>29</span> <span class='ocrx_word' id='word_1_116' title='bbox 296 2068 443 2131; x_wconf 88' lang='lat' dir='ltr'>homines</span> <span class='ocrx_word' id='word_1_117' title='bbox 466 2073 594 2131; x_wconf 88' lang='lat' dir='ltr'>tantum</span> <span class='ocrx_word' id='word_1_118' title='bbox 617 2062 740 2150; x_wconf 83' lang='lat' dir='ltr'>s&#39;pectat</span> <span class='ocrx_word' id='word_1_119' title='bbox 761 2065 883 2131; x_wconf 82' lang='lat' dir='ltr'>vicibus</span> <span class='ocrx_word' id='word_1_120' title='bbox 907 2088 1019 2130; x_wconf 91' lang='lat' dir='ltr'>eorum</span> <span class='ocrx_word' id='word_1_121' title='bbox 1037 2069 1182 2144; x_wconf 83' lang='lat' dir='ltr'>functos,</span> 
     </span>
     <span class='ocr_line' id='line_1_17' title="bbox 154 2180 1183 2265; baseline 0 -21"><span class='ocrx_word' id='word_1_122' title='bbox 154 2183 218 2264; x_wconf 89' lang='lat' dir='ltr'>qui</span> <span class='ocrx_word' id='word_1_123' title='bbox 238 2187 315 2246; x_wconf 87' lang='lat' dir='ltr'>ante</span> <span class='ocrx_word' id='word_1_124' title='bbox 329 2189 466 2246; x_wconf 85' lang='lat' dir='ltr'>mortem</span> <span class='ocrx_word' id='word_1_125' title='bbox 481 2203 573 2245; x_wconf 86' lang='lat' dir='ltr'>suam</span> <span class='ocrx_word' id='word_1_126' title='bbox 588 2180 783 2265; x_wconf 86' lang='lat' dir='ltr'>baptismum</span> <span class='ocrx_word' id='word_1_127' title='bbox 797 2201 864 2243; x_wconf 92' lang='lat' dir='ltr'>non</span> <span class='ocrx_word' id='word_1_128' title='bbox 880 2180 1063 2257; x_wconf 84' lang='lat' dir='ltr'>suhiemnt,</span> <span class='ocrx_word' id='word_1_129' title='bbox 1080 2203 1122 2244; x_wconf 87' lang='lat' dir='ltr'>vs.</span> <span class='ocrx_word' id='word_1_130' title='bbox 1140 2186 1183 2244; x_wconf 89' lang='lat'>30</span> 
     </span>
     <span class='ocr_line' id='line_1_18' title="bbox 151 2292 1182 2379; baseline 0.004 -25"><span class='ocrx_word' id='word_1_131' title='bbox 151 2292 196 2358; x_wconf 85' lang='lat' dir='ltr'>in</span> <span class='ocrx_word' id='word_1_132' title='bbox 216 2295 411 2379; x_wconf 88' lang='lat' dir='ltr'>disputando</span> <span class='ocrx_word' id='word_1_133' title='bbox 430 2296 549 2358; x_wconf 89' lang='lat' dir='ltr'>saltum</span> <span class='ocrx_word' id='word_1_134' title='bbox 568 2295 644 2359; x_wconf 89' lang='lat' dir='ltr'>fecit</span> <span class='ocrx_word' id='word_1_135' title='bbox 658 2316 772 2358; x_wconf 85' lang='lat' dir='ltr'>causae</span> <span class='ocrx_word' id='word_1_136' title='bbox 788 2316 865 2358; x_wconf 88' lang='lat' dir='ltr'>suae</span> <span class='ocrx_word' id='word_1_137' title='bbox 880 2303 1066 2372; x_wconf 87' lang='lat' dir='ltr'>nocentem,</span> <span class='ocrx_word' id='word_1_138' title='bbox 1083 2317 1182 2377; x_wconf 92' lang='lat' dir='ltr'>quum</span> 
     </span>
     <span class='ocr_line' id='line_1_19' title="bbox 151 2409 1183 2491; baseline 0.001 -19"><span class='ocrx_word' id='word_1_139' title='bbox 151 2409 201 2472; x_wconf 82' lang='lat' dir='ltr'>ab</span> <span class='ocrx_word' id='word_1_140' title='bbox 220 2410 272 2472; x_wconf 81' lang='lat' dir='ltr'>hia</span> <span class='ocrx_word' id='word_1_141' title='bbox 291 2410 446 2474; x_wconf 91' lang='lat' dir='ltr'>continuo</span> <span class='ocrx_word' id='word_1_142' title='bbox 466 2410 507 2472; x_wconf 89' lang='lat' dir='ltr'>ad</span> <span class='ocrx_word' id='word_1_143' title='bbox 525 2430 559 2474; x_wconf 85' lang='lat' dir='ltr'>se</span> <span class='ocrx_word' id='word_1_144' title='bbox 577 2430 716 2491; x_wconf 86' lang='lat' dir='ltr'>suosque</span> <span class='ocrx_word' id='word_1_145' title='bbox 735 2409 898 2472; x_wconf 86' lang='lat' dir='ltr'>adiutores</span> <span class='ocrx_word' id='word_1_146' title='bbox 917 2411 1082 2485; x_wconf 85' lang='lat' dir='ltr'>transiret,</span> <span class='ocrx_word' id='word_1_147' title='bbox 1099 2415 1183 2473; x_wconf 88' lang='lat' dir='ltr'>eete-</span> 
     </span>
     <span class='ocr_line' id='line_1_20' title="bbox 151 2523 1184 2606; baseline 0.001 -20"><span class='ocrx_word' id='word_1_148' title='bbox 151 2540 230 2599; x_wconf 84' lang='lat' dir='ltr'>ros,</span> <span class='ocrx_word' id='word_1_149' title='bbox 251 2529 411 2606; x_wconf 89' lang='lat' dir='ltr'>quotquot</span> <span class='ocrx_word' id='word_1_150' title='bbox 433 2523 496 2585; x_wconf 88' lang='lat' dir='ltr'>alio</span> <span class='ocrx_word' id='word_1_151' title='bbox 521 2530 553 2586; x_wconf 90' lang='lat' dir='ltr'>et</span> <span class='ocrx_word' id='word_1_152' title='bbox 575 2524 700 2586; x_wconf 90' lang='lat' dir='ltr'>meliori</span> <span class='ocrx_word' id='word_1_153' title='bbox 724 2523 853 2604; x_wconf 90' lang='lat' dir='ltr'>quidem</span> <span class='ocrx_word' id='word_1_154' title='bbox 872 2523 1006 2586; x_wconf 86' lang='lat' dir='ltr'>consilio</span> <span class='ocrx_word' id='word_1_155' title='bbox 1025 2523 1066 2586; x_wconf 91' lang='lat' dir='ltr'>ad</span> <span class='ocrx_word' id='word_1_156' title='bbox 1085 2523 1184 2587; x_wconf 90' lang='lat' dir='ltr'>ritum</span> 
     </span>
     <span class='ocr_line' id='line_1_21' title="bbox 153 2635 1182 2719; baseline -0.002 -19"><span class='ocrx_word' id='word_1_157' title='bbox 153 2656 289 2701; x_wconf 78' lang='lat' dir='ltr'>sacrum</span> <span class='ocrx_word' id='word_1_158' title='bbox 304 2635 511 2713; x_wconf 74' lang='lat' dir='ltr'>accedebant,</span> <span class='ocrx_word' id='word_1_159' title='bbox 526 2637 574 2700; x_wconf 90' lang='lat' dir='ltr'>vel</span> <span class='ocrx_word' id='word_1_160' title='bbox 591 2635 669 2698; x_wconf 90' lang='lat' dir='ltr'>dura</span> <span class='ocrx_word' id='word_1_161' title='bbox 681 2637 811 2718; x_wconf 89' lang='lat' dir='ltr'>quaevis</span> <span class='ocrx_word' id='word_1_162' title='bbox 823 2637 890 2719; x_wconf 91' lang='lat' dir='ltr'>pati</span> <span class='ocrx_word' id='word_1_163' title='bbox 902 2658 999 2718; x_wconf 91' lang='lat' dir='ltr'>quam</span> <span class='ocrx_word' id='word_1_164' title='bbox 1011 2657 1182 2700; x_wconf 79' lang='lat' dir='ltr'>cnnrsrun</span> 
     </span>
     <span class='ocr_line' id='line_1_22' title="bbox 154 2749 939 2832; baseline 0.004 -18"><span class='ocrx_word' id='word_1_165' title='bbox 154 2750 308 2815; x_wconf 88' lang='lat' dir='ltr'>deserere</span> <span class='ocrx_word' id='word_1_166' title='bbox 326 2749 503 2826; x_wconf 89' lang='lat' dir='ltr'>malebant,</span> <span class='ocrx_word' id='word_1_167' title='bbox 524 2750 653 2813; x_wconf 89' lang='lat' dir='ltr'>silentio</span> <span class='ocrx_word' id='word_1_168' title='bbox 672 2751 939 2832; x_wconf 78' lang='lat' dir='ltr'>praetermittena</span> 
     </span>
    </p>

    <p class='ocr_par' dir='ltr' id='par_1_3' title="bbox 155 2862 1185 4093">
     <span class='ocr_line' id='line_1_23' title="bbox 208 2862 1182 2946; baseline 0.001 -20"><span class='ocrx_word' id='word_1_169' title='bbox 208 2865 348 2945; x_wconf 92' lang='lat' dir='ltr'>Utique,</span> <span class='ocrx_word' id='word_1_170' title='bbox 368 2865 395 2926; x_wconf 90' lang='lat' dir='ltr'>si</span> <span class='ocrx_word' id='word_1_171' title='bbox 419 2863 497 2946; x_wconf 93' lang='lat' dir='ltr'>quid</span> <span class='ocrx_word' id='word_1_172' title='bbox 520 2863 629 2940; x_wconf 91' lang='lat' dir='ltr'>video,</span> <span class='ocrx_word' id='word_1_173' title='bbox 648 2862 820 2945; x_wconf 87' lang='lat' dir='ltr'>probabilis</span> <span class='ocrx_word' id='word_1_174' title='bbox 843 2868 971 2927; x_wconf 84' lang='lat' dir='ltr'>tantum</span> <span class='ocrx_word' id='word_1_175' title='bbox 984 2865 1182 2946; x_wconf 87' lang='lat' dir='ltr'>interpreta-</span> 
     </span>
     <span class='ocr_line' id='line_1_24' title="bbox 155 2970 1183 3070; baseline 0 -30"><span class='ocrx_word' id='word_1_176' title='bbox 155 2979 209 3040; x_wconf 86' lang='lat' dir='ltr'>tio</span> <span class='ocrx_word' id='word_1_177' title='bbox 233 2977 401 3041; x_wconf 84' lang='lat' dir='ltr'>verborum</span> <span class='ocrx_word' id='word_1_178' title='bbox 420 2976 455 3046; x_wconf 82' lang='grc' dir='ltr'>οἱ</span> <span class='ocrx_word' id='word_1_179' title='bbox 473 2970 738 3065; x_wconf 76' lang='grc' dir='ltr'><strong><em>βαπτιζόμενοι</em></strong></span> <span class='ocrx_word' id='word_1_180' title='bbox 754 2970 845 3069; x_wconf 73' lang='grc' dir='ltr'>ὑπὲρ</span> <span class='ocrx_word' id='word_1_181' title='bbox 864 2979 940 3047; x_wconf 75' lang='grc' dir='ltr'>τῶν</span> <span class='ocrx_word' id='word_1_182' title='bbox 959 2980 1100 3070; x_wconf 77' lang='grc' dir='ltr'><em>νεκρῶν</em></span> <span class='ocrx_word' id='word_1_183' title='bbox 1119 2986 1183 3054; x_wconf 85' lang='lat' dir='ltr'>est,</span> 
     </span>
     <span class='ocr_line' id='line_1_25' title="bbox 157 3091 1184 3174; baseline -0.001 -20"><span class='ocrx_word' id='word_1_184' title='bbox 157 3111 246 3173; x_wconf 83' lang='lat' dir='ltr'>qnae</span> <span class='ocrx_word' id='word_1_185' title='bbox 274 3111 311 3154; x_wconf 91' lang='lat' dir='ltr'>ea</span> <span class='ocrx_word' id='word_1_186' title='bbox 338 3091 378 3153; x_wconf 92' lang='lat' dir='ltr'>ad</span> <span class='ocrx_word' id='word_1_187' title='bbox 405 3111 515 3154; x_wconf 89' lang='lat' dir='ltr'>omnes</span> <span class='ocrx_word' id='word_1_188' title='bbox 541 3092 652 3166; x_wconf 89' lang='lat' dir='ltr'>refert,</span> <span class='ocrx_word' id='word_1_189' title='bbox 680 3099 840 3172; x_wconf 89' lang='lat' dir='ltr'>quotquot</span> <span class='ocrx_word' id='word_1_190' title='bbox 865 3097 970 3154; x_wconf 86' lang='lat' dir='ltr'>aetate</span> <span class='ocrx_word' id='word_1_191' title='bbox 997 3111 1100 3154; x_wconf 76' lang='lat' dir='ltr'>enum</span> <span class='ocrx_word' id='word_1_192' title='bbox 1128 3113 1184 3174; x_wconf 89' lang='lat' dir='ltr'>per</span> 
     </span>
     <span class='ocr_line' id='line_1_26' title="bbox 157 3190 1181 3288; baseline -0.001 -20"><span class='ocrx_word' id='word_1_193' title='bbox 157 3202 314 3288; x_wconf 85' lang='lat' dir='ltr'>baptismi</span> <span class='ocrx_word' id='word_1_194' title='bbox 347 3205 446 3268; x_wconf 87' lang='lat' dir='ltr'>ritum</span> <span class='ocrx_word' id='word_1_195' title='bbox 477 3190 627 3266; x_wconf 72' lang='lat' dir='ltr'>ceruam</span> <span class='ocrx_word' id='word_1_196' title='bbox 644 3205 904 3268; x_wconf 89' lang='lat' dir='ltr'>communionem</span> <span class='ocrx_word' id='word_1_197' title='bbox 934 3205 1068 3286; x_wconf 86' lang='lat' dir='ltr'>ingressi</span> <span class='ocrx_word' id='word_1_198' title='bbox 1098 3211 1181 3267; x_wconf 88' lang='lat' dir='ltr'>sunt.</span> 
     </span>
     <span class='ocr_line' id='line_1_27' title="bbox 160 3318 1182 3401; baseline -0.001 -20"><span class='ocrx_word' id='word_1_199' title='bbox 160 3318 251 3382; x_wconf 87' lang='lat' dir='ltr'>Mihi</span> <span class='ocrx_word' id='word_1_200' title='bbox 274 3318 447 3401; x_wconf 88' lang='lat' dir='ltr'>aliquando</span> <span class='ocrx_word' id='word_1_201' title='bbox 469 3319 504 3381; x_wconf 94' lang='lat' dir='ltr'>in</span> <span class='ocrx_word' id='word_1_202' title='bbox 527 3325 668 3382; x_wconf 89' lang='lat' dir='ltr'>mentem</span> <span class='ocrx_word' id='word_1_203' title='bbox 691 3318 779 3381; x_wconf 91' lang='lat' dir='ltr'>venit</span> <span class='ocrx_word' id='word_1_204' title='bbox 801 3318 970 3399; x_wconf 85' lang='lat' dir='ltr'>cogitatio,</span> <span class='ocrx_word' id='word_1_205' title='bbox 990 3319 1182 3401; x_wconf 89' lang='lat' dir='ltr'>Apostolum</span> 
     </span>
     <span class='ocr_line' id='line_1_28' title="bbox 163 3432 1185 3514; baseline 0.001 -20"><span class='ocrx_word' id='word_1_206' title='bbox 163 3432 226 3495; x_wconf 82' lang='lat' dir='ltr'>sibi</span> <span class='ocrx_word' id='word_1_207' title='bbox 250 3433 402 3496; x_wconf 87' lang='lat' dir='ltr'>voluisse:</span> <span class='ocrx_word' id='word_1_208' title='bbox 426 3434 487 3506; x_wconf 78' lang='lat' dir='ltr'>Qns&#39;</span> <span class='ocrx_word' id='word_1_209' title='bbox 509 3453 546 3495; x_wconf 83' lang='lat' dir='ltr'>en</span> <span class='ocrx_word' id='word_1_210' title='bbox 568 3433 754 3495; x_wconf 79' lang='lat' dir='ltr'>Indaeorum</span> <span class='ocrx_word' id='word_1_211' title='bbox 773 3433 964 3514; x_wconf 68' lang='lat' dir='ltr'>peritiamque</span> <span class='ocrx_word' id='word_1_212' title='bbox 985 3434 1125 3495; x_wconf 80' lang='lat' dir='ltr'>societate</span> <span class='ocrx_word' id='word_1_213' title='bbox 1143 3434 1185 3495; x_wconf 84' lang='lat' dir='ltr'>ad</span> 
     </span>
     <span class='ocr_line' id='line_1_29' title="bbox 166 3548 1182 3623; baseline 0 -15"><span class='ocrx_word' id='word_1_214' title='bbox 166 3564 302 3608; x_wconf 79' lang='lat' dir='ltr'>cenrsrr</span> <span class='ocrx_word' id='word_1_215' title='bbox 329 3548 563 3610; x_wconf 78' lang='lat' dir='ltr'>communionem</span> <span class='ocrx_word' id='word_1_216' title='bbox 587 3553 759 3623; x_wconf 79' lang='lat' dir='ltr'>trameant,</span> <span class='ocrx_word' id='word_1_217' title='bbox 787 3553 821 3608; x_wconf 86' lang='lat' dir='ltr'>nt</span> <span class='ocrx_word' id='word_1_218' title='bbox 846 3550 973 3609; x_wconf 77' lang='lat' dir='ltr'>momnis</span> <span class='ocrx_word' id='word_1_219' title='bbox 999 3549 1063 3610; x_wconf 84' lang='lat' dir='ltr'>eim</span> <span class='ocrx_word' id='word_1_220' title='bbox 1088 3553 1182 3610; x_wconf 82' lang='lat' dir='ltr'>secla-</span> 
     </span>
     <span class='ocr_line' id='line_1_30' title="bbox 164 3661 1183 3742; baseline 0 -20"><span class='ocrx_word' id='word_1_221' title='bbox 164 3661 295 3736; x_wconf 78' lang='lat' dir='ltr'>torilms,</span> <span class='ocrx_word' id='word_1_222' title='bbox 312 3680 386 3742; x_wconf 81' lang='lat' dir='ltr'>qnos</span> <span class='ocrx_word' id='word_1_223' title='bbox 403 3662 498 3723; x_wconf 79' lang='lat' dir='ltr'>entere&#39;</span> <span class='ocrx_word' id='word_1_224' title='bbox 516 3663 692 3742; x_wconf 78' lang='lat' dir='ltr'>vituperare</span> <span class='ocrx_word' id='word_1_225' title='bbox 709 3662 757 3724; x_wconf 86' lang='lat' dir='ltr'>nel</span> <span class='ocrx_word' id='word_1_226' title='bbox 769 3661 920 3741; x_wconf 82' lang='lat' dir='ltr'>despicere</span> <span class='ocrx_word' id='word_1_227' title='bbox 934 3663 1061 3737; x_wconf 82' lang='lat' dir='ltr'>soleant,</span> <span class='ocrx_word' id='word_1_228' title='bbox 1076 3663 1183 3723; x_wconf 72' lang='lat' dir='ltr'>leonori</span> 
     </span>
     <span class='ocr_line' id='line_1_31' title="bbox 166 3773 1183 3856; baseline 0 -20"><span class='ocrx_word' id='word_1_229' title='bbox 166 3781 194 3836; x_wconf 85' lang='lat' dir='ltr'>el</span> <span class='ocrx_word' id='word_1_230' title='bbox 217 3775 465 3841; x_wconf 81' lang='lat' dir='ltr'>commendationi</span> <span class='ocrx_word' id='word_1_231' title='bbox 487 3775 554 3837; x_wconf 77' lang='lat' dir='ltr'>sint.</span> <span class='ocrx_word' id='word_1_232' title='bbox 582 3775 625 3837; x_wconf 83' lang='lat' dir='ltr'>Et</span> <span class='ocrx_word' id='word_1_233' title='bbox 647 3775 708 3837; x_wconf 89' lang='lat' dir='ltr'>hoc</span> <span class='ocrx_word' id='word_1_234' title='bbox 734 3773 864 3856; x_wconf 91' lang='lat' dir='ltr'>quidem</span> <span class='ocrx_word' id='word_1_235' title='bbox 890 3778 957 3836; x_wconf 87' lang='lat' dir='ltr'>tem</span> <span class='ocrx_word' id='word_1_236' title='bbox 984 3774 1183 3856; x_wconf 88' lang='lat' dir='ltr'>singulorum</span> 
     </span>
     <span class='ocr_line' id='line_1_32' title="bbox 167 3886 1182 3968; baseline 0 -19"><span class='ocrx_word' id='word_1_237' title='bbox 167 3886 334 3950; x_wconf 86' lang='lat' dir='ltr'>verborum</span> <span class='ocrx_word' id='word_1_238' title='bbox 360 3888 485 3950; x_wconf 89' lang='lat' dir='ltr'>notioni</span> <span class='ocrx_word' id='word_1_239' title='bbox 512 3887 786 3950; x_wconf 86' lang='lat' dir='ltr'>accommodatum</span> <span class='ocrx_word' id='word_1_240' title='bbox 811 3894 872 3963; x_wconf 89' lang='lat' dir='ltr'>est,</span> <span class='ocrx_word' id='word_1_241' title='bbox 898 3908 994 3968; x_wconf 88' lang='lat' dir='ltr'>quam</span> <span class='ocrx_word' id='word_1_242' title='bbox 1017 3888 1182 3950; x_wconf 86' lang='lat' dir='ltr'>circumie-</span> 
     </span>
     <span class='ocr_line' id='line_1_33' title="bbox 166 3994 1181 4093; baseline -0.001 -29"><span class='ocrx_word' id='word_1_243' title='bbox 166 4002 233 4065; x_wconf 78' lang='lat' dir='ltr'>ctis,</span> <span class='ocrx_word' id='word_1_244' title='bbox 258 4001 531 4085; x_wconf 88' lang='lat' dir='ltr'>Praepositionem</span> <span class='ocrx_word' id='word_1_245' title='bbox 558 4001 643 4082; x_wconf 93' lang='lat' dir='ltr'>quod</span> <span class='ocrx_word' id='word_1_246' title='bbox 670 4002 787 4065; x_wconf 80' lang='lat' dir='ltr'>attinet</span> <span class='ocrx_word' id='word_1_247' title='bbox 812 3994 918 4093; x_wconf 75' lang='grc' dir='ltr'><em>ὑπέρ,</em></span> <span class='ocrx_word' id='word_1_248' title='bbox 941 4000 991 4064; x_wconf 88' lang='lat' dir='ltr'>eff.</span> <span class='ocrx_word' id='word_1_249' title='bbox 1015 4002 1120 4064; x_wconf 86' lang='lat' dir='ltr'>Ioann.</span> <span class='ocrx_word' id='word_1_250' title='bbox 1149 4003 1181 4064; x_wconf 79' lang='lat' dir='ltr'>I:</span> 
     </span>
    </p>
   </div>
   <div class='ocr_carea' id='block_1_3' title="bbox 168 4115 1182 4311">
    <p class='ocr_par' dir='ltr' id='par_1_4' title="bbox 168 4115 1182 4311">
     <span class='ocr_line' id='line_1_34' title="bbox 168 4115 1182 4178; baseline 0 -2"><span class='ocrx_word' id='word_1_251' title='bbox 168 4116 216 4177; x_wconf 84' lang='lat'>30.</span> <span class='ocrx_word' id='word_1_252' title='bbox 238 4116 306 4178; x_wconf 78' lang='lat' dir='ltr'>Act.</span> <span class='ocrx_word' id='word_1_253' title='bbox 331 4118 374 4177; x_wconf 89' lang='lat' dir='ltr'>V:</span> <span class='ocrx_word' id='word_1_254' title='bbox 400 4118 450 4178; x_wconf 75' lang='lat'>41.</span> <span class='ocrx_word' id='word_1_255' title='bbox 472 4115 535 4177; x_wconf 86' lang='lat' dir='ltr'>IX:</span> <span class='ocrx_word' id='word_1_256' title='bbox 560 4117 607 4176; x_wconf 83' lang='lat'>16.</span> <span class='ocrx_word' id='word_1_257' title='bbox 632 4119 645 4176; x_wconf 96' lang='lat' dir='ltr'>l</span> <span class='ocrx_word' id='word_1_258' title='bbox 675 4117 743 4177; x_wconf 82' lang='lat' dir='ltr'>Cor.</span> <span class='ocrx_word' id='word_1_259' title='bbox 767 4115 813 4178; x_wconf 85' lang='lat' dir='ltr'>X:</span> <span class='ocrx_word' id='word_1_260' title='bbox 836 4118 885 4177; x_wconf 90' lang='lat'>30.</span> <span class='ocrx_word' id='word_1_261' title='bbox 907 4119 927 4176; x_wconf 75' lang='lat'><strong>2</strong></span> <span class='ocrx_word' id='word_1_262' title='bbox 953 4116 1021 4177; x_wconf 80' lang='lat' dir='ltr'>Cor.</span> <span class='ocrx_word' id='word_1_263' title='bbox 1046 4115 1130 4178; x_wconf 82' lang='lat' dir='ltr'>XII:</span> <span class='ocrx_word' id='word_1_264' title='bbox 1154 4120 1182 4177; x_wconf 87' lang='lat'>5.</span> 
     </span>
     <span class='ocr_line' id='line_1_35' title="bbox 168 4228 1182 4311; baseline 0.003 -23"><span class='ocrx_word' id='word_1_265' title='bbox 168 4230 187 4288; x_wconf 80' lang='lat'>2</span> <span class='ocrx_word' id='word_1_266' title='bbox 214 4231 310 4292; x_wconf 73' lang='lat' dir='ltr'>Theca</span> <span class='ocrx_word' id='word_1_267' title='bbox 336 4231 367 4291; x_wconf 87' lang='lat' dir='ltr'>I:</span> <span class='ocrx_word' id='word_1_268' title='bbox 392 4234 420 4292; x_wconf 72' lang='lat' dir='ltr'>d.</span> <span class='ocrx_word' id='word_1_269' title='bbox 447 4230 511 4292; x_wconf 86' lang='lat' dir='ltr'>Sed</span> <span class='ocrx_word' id='word_1_270' title='bbox 533 4230 828 4311; x_wconf 86' lang='lat' dir='ltr'>interpretationem</span> <span class='ocrx_word' id='word_1_271' title='bbox 852 4249 964 4310; x_wconf 87' lang='lat' dir='ltr'>urgere</span> <span class='ocrx_word' id='word_1_272' title='bbox 987 4228 1077 4304; x_wconf 84' lang='lat' dir='ltr'>nole,</span> <span class='ocrx_word' id='word_1_273' title='bbox 1102 4251 1182 4309; x_wconf 90' lang='lat' dir='ltr'>quae</span> 
     </span>
    </p>
   </div>
   <div class='ocr_carea' id='block_1_4' title="bbox 168 4344 1183 4427">
    <p class='ocr_par' dir='ltr' id='par_1_5' title="bbox 168 4344 1183 4427">
     <span class='ocr_line' id='line_1_36' title="bbox 168 4344 1183 4427; baseline 0.002 -25"><span class='ocrx_word' id='word_1_274' title='bbox 168 4345 360 4418; x_wconf 87' lang='lat' dir='ltr'>tenuiorem,</span> <span class='ocrx_word' id='word_1_275' title='bbox 385 4365 481 4424; x_wconf 85' lang='lat' dir='ltr'>quam</span> <span class='ocrx_word' id='word_1_276' title='bbox 508 4351 648 4427; x_wconf 88' lang='lat' dir='ltr'>oportet,</span> <span class='ocrx_word' id='word_1_277' title='bbox 673 4364 802 4406; x_wconf 78' lang='lat' dir='ltr'>sensum</span> <span class='ocrx_word' id='word_1_278' title='bbox 826 4344 962 4404; x_wconf 81' lang='lat' dir='ltr'>orationi</span> <span class='ocrx_word' id='word_1_279' title='bbox 989 4344 1183 4405; x_wconf 88' lang='lat' dir='ltr'>constituero</span> 
     </span>
    </p>
   </div>
   <div class='ocr_carea' id='block_1_5' title="bbox 0 0 1336 4890">
    <p class='ocr_par' dir='ltr' id='par_1_6' title="bbox 0 0 1336 4890">
     <span class='ocr_line' id='line_1_37' title="bbox 0 0 1336 4890; baseline 0 0"><span class='ocrx_word' id='word_1_280' title='bbox 0 0 1336 4890; x_wconf 95' lang='lat' dir='ltr'> </span> 
     </span>
    </p>
   </div>
  </div>
 </body>
</html>
