2656 4890
156 285 199 344 86
395 298 661 343 inruarnecarro
685 296 775 341 veras.
801 278 858 355 19,
881 280 932 340 20.

156 467 311 533 iiciuntur
331 468 373 532 ad
390 474 593 552 peccatorum
615 476 745 531 suorum
768 474 886 551 poenas
904 466 1178 534 tumescentem

158 587 267 647 autem
292 570 453 666 Apostoli
468 579 664 666 populariter
692 578 848 644 mmenda
875 598 980 663 neque
1009 580 1090 645 adeo
1119 602 1176 646 mv

158 695 261 779 geuda
286 701 377 774 sunt,
400 701 438 759 ut
464 694 623 760 sententia
648 694 680 759 ei
701 693 885 777 affingutur,
907 692 1069 772 homines,
1090 714 1179 778 quos

158 826 319 872 cumsrus
353 807 396 871 ad
423 806 552 892 pietatis
581 812 614 871 et
642 806 771 871 virtutis
802 805 946 870 studium
974 805 1179 892 perduxerit,

156 921 278 1006 impiis,
290 922 369 1005 quin
380 921 478 986 etiam
488 918 599 986 bestiis
609 919 801 985 infeliciores
811 939 889 985 esse.
902 919 967 984 Sed
976 920 1085 986 aliene
1093 924 1178 1005 quo·

156 1055 219 1117 que
238 1054 349 1098 renuo
366 1032 597 1112 obtrudantur,
616 1033 645 1097 si
663 1032 827 1116 quiscum
845 1035 1021 1097 edessano
1039 1039 1178 1100 eonten-

158 1147 218 1225 dit,
238 1169 312 1213 eum
333 1148 368 1211 in
392 1147 483 1213 devia
505 1145 767 1211 Eudaemonismi
789 1145 927 1228 vulgaris
951 1145 1129 1212 descivisse.

629 1402 707 1412 —---

492 1646 494 1650 ,
565 1606 672 1661 vers.
692 1606 755 1660 w.

197 1829 270 1893 Iam
290 1828 507 1912 disputatione
530 1848 568 1892 eo
590 1826 756 1912 perducta,
775 1831 813 1889 ut
836 1826 981 1891 doctrina
998 1836 1179 1895 cumensis

154 1944 188 2004 in
215 1942 315 2007 vitam
339 1940 471 2006 rediisse
499 1940 587 2005 omni
615 1938 713 2005 dubio
743 1939 886 2023 superior
914 1939 1025 2006 haberi
1054 1945 1178 2027 possit,

44 2114 48 2121 .
155 2072 284 2120 raucus
309 2054 372 2120 hoe
397 2075 490 2118 versu
516 2052 684 2119 ostendere
707 2052 833 2137 incipit,
856 2053 1033 2136 quidinde
1057 2078 1177 2142 sequa·

154 2174 219 2246 tur,
247 2168 334 2252 quod
358 2167 476 2232 attinet
500 2166 633 2232 beatum
658 2167 827 2230 hominum
853 2167 1114 2236 Christianorum
1136 2172 1178 2237 in

152 2282 252 2346 vitam
276 2282 425 2346 reditum.
452 2279 597 2346 Verbum
622 2280 759 2373 ἐγένετο
790 2279 913 2344 librarii
941 2282 1028 2347 h'unc
1056 2284 1095 2347 in
1122 2284 1176 2349 lo-

153 2416 227 2459 cum
256 2396 484 2478 importarunt,
515 2394 601 2476 quod
631 2392 701 2458 sine
729 2414 769 2458 eo
798 2395 954 2477 explicare
982 2397 1176 2464 nesciebant

152 2508 323 2572 formulam
366 2498 514 2600 ἀπαρχὴ
557 2506 633 2578 τῶν
673 2507 959 2597 κεκοιμημένων.
1000 2511 1054 2574 Itn
1094 2532 1175 2577 vem

151 2622 274 2686 auctori
303 2622 498 2685 affinxerunt
526 2620 731 2705 Asyndeton,
763 2621 848 2703 quod
877 2622 928 2686 vel
958 2643 997 2686 ex
1029 2625 1173 2708 graviori

152 2734 251 2800 animi
277 2741 385 2813 motu,
411 2735 461 2798 vel
487 2754 525 2799 ex
552 2733 710 2798 scribendi
736 2734 943 2800 festinatione
969 2736 1045 2800 on'ri
1070 2739 1171 2818 solet,

150 2848 207 2914 sed
232 2848 274 2913 ab
295 2848 356 2913 hac
378 2848 468 2912 tenui
491 2853 524 2912 et
545 2847 656 2912 sedata
676 2847 921 2914 ratiocinatione
943 2849 1086 2914 alienum
1105 2859 1173 2917 est.

152 2965 225 3028 Hoc
249 2962 431 3047 intelligens
457 2981 555 3040 auen,
581 2983 677 3045 quem
703 2962 804 3026 secuti
830 2968 908 3026 sunt
931 2963 1090 3048 interpret
1113 2986 1173 3032 vc-

151 3082 204 3141 tus
237 3076 425 3141 vernaculus
459 3081 492 3141 et
521 3096 684 3154 returns,
715 3075 780 3140 duo
809 3076 886 3140 buic
918 3077 1024 3141 versui
1052 3077 1175 3144 tribuit

150 3189 307 3269 membra,
330 3189 492 3254 Particula
514 3196 543 3254 et
565 3190 595 3254 ei
618 3195 733 3275 suopte
755 3210 794 3255 ex
813 3190 945 3274 ingenio
962 3191 1172 3261 mandenda

151 3305 216 3371 Sed
233 3304 409 3370 rectissime
428 3323 690 3382 naruscncums,
709 3320 1173 3385 senencias,conscnnn1ue,

150 3438 395 3498 escensurus,
413 3438 701 3483 urscnnunoarrus
719 3439 794 3482 cum
812 3417 1038 3503 interpretibus
1056 3420 1173 3485 recen-²

149 3532 283 3596 tionibus
318 3533 358 3598 de
392 3553 430 3596 eo
466 3538 711 3609 consenserunt,
745 3530 878 3596 verbum
914 3532 1053 3624 ἐγένετο
1089 3533 1173 3600 hinc

149 3645 372 3729 expellendum
403 3667 479 3710 esse.
512 3647 643 3709 Frustra
673 3651 782 3710 autem
812 3652 845 3717 et
874 3653 985 3710 contra
1010 3645 1172 3713 librorum

149 3764 294 3825 veterum
317 3764 350 3823 et
371 3760 718 3843 praestantissimorum
739 3760 837 3824 fidem
858 3760 899 3824 ad
921 3760 1003 3824 illud
1024 3761 1172 3826 retinen·

149 3872 227 3937 dum
249 3890 415 3951 wonrrus,
437 3893 640 3938 mensurnus
664 3873 782 3958 aliique
805 3874 1021 3958 disputarunt
1144 3884 1151 3893 '

191 3988 373 4051 Particulae
390 3984 477 4059 νυνὶ
498 3984 554 4075 δέ,
574 4009 655 4071 quae
677 3988 718 4052 ad
740 3988 995 4072 progressionem
1017 3989 1068 4052 vel
1088 4006 1171 4052 oon·

148 4100 324 4164 elusionem
361 4101 514 4165 orationis
547 4103 753 4167 indicandam
786 4103 979 4180 inserviunt,
1013 4101 1173 4167 vertendo

149 4212 329 4278 reddendae
359 4222 436 4278 sunt
466 4217 529 4278 iem
557 4239 641 4295 ecre,
673 4223 711 4280 ut
741 4219 826 4281 Rem.
859 4219 929 4281 III:
957 4219 996 4280 21
1031 4216 1172 4299 aliisque

147 4327 241 4406 locis,
254 4349 334 4411 quos
346 4329 457 4394 attulit
470 4350 622 4395 caumes.
636 4331 766 4416 Optime
777 4350 1064 4396 uncornrunccus
1075 4348 1171 4395 men·
