2656 4890
411 266 680 337 iiiuarnrmmo
705 288 795 337 vona.
820 278 871 338 27.-
1089 273 1151 340 123

130 463 321 528 sensurae:
335 463 475 537 Qumdo
486 468 592 526 ααιιια
610 463 698 540 dicit,
715 465 815 527 omnia
833 464 966 527 mtterto
984 472 1061 529 ruat.
1080 462 1152 530 Neo

131 576 514 660 difficultatempariunt
538 594 693 640 connexa:
721 572 852 665 διῆλον,
878 570 934 647 ὅτι
958 570 1056 657 ἐκτὸς
1084 581 1151 650 τοῦ

131 681 382 770 ὑποτάξαντος
406 681 506 780 αὐτῷ
530 683 576 760 τά
601 681 736 776 πάντα,
762 712 846 774 quaa
871 692 1046 775 supplenda
1075 700 1152 755 aaut

131 805 327 889 repetitione
345 803 603 888 praecedentium
622 796 741 874 πάντα
759 796 993 876 ὑποτέτακται
1007 810 1045 888 ¹).
1061 808 1151 869 Puu»

132 938 213 996 nus,
234 918 300 982 nisi
323 917 433 994 fallor,
457 916 518 980 sibi
545 917 660 981 voluit:
685 919 882 1000 manifestum
906 926 965 996 eol,
991 923 1047 982 Ιιοο
1072 920 1151 982 dioto

131 1034 235 1116 eertpt
251 1034 352 1109 ἰάιιοι,
371 1034 424 1114 put
441 1033 543 1095 omnia
561 1034 589 1094 αι’
607 1032 774 1095 abiecerit.
791 1031 934 1096 Scribere
953 1040 1061 1096 autem
1079 1040 1162 1116 pot·¹

129 1146 247 1210 uisset:
271 1139 402 1234 δῆλον,
424 1138 480 1214 ὅτι
501 1137 598 1224 ἐκτὸς
617 1147 686 1216 τοῦ
711 1145 805 1215 Θεοῦ
826 1143 886 1215 καὶ
909 1138 1071 1239 Πατρός,
1095 1146 1151 1210 sed

129 1280 199 1343 quo
217 1259 333 1323 clarius
351 1259 387 1322 in
405 1257 514 1322 oeulos
532 1259 722 1336 incurreret,
741 1279 809 1322 rem
826 1259 916 1342 loqui
933 1260 1053 1342 ipsam,
1074 1260 1149 1322 aon'-

127 1373 215 1439 bere'
225 1372 355 1439 maluit:
372 1367 487 1462 δῆλον
491 1426 503 1459 ,
518 1365 574 1442 ὅτι
592 1364 688 1453 ἐκτὸς
704 1373 772 1442 τοῦ
788 1363 1037 1451 ὑποτάξαντος
1049 1364 1150 1464 αὐτῷ

128 1479 179 1557 τά
204 1479 334 1558 πάντα.
362 1488 483 1550 Verum
509 1487 591 1551 haee
611 1486 766 1550 mirabilia
792 1486 895 1570 primo
922 1485 1074 1569 adspectu
1101 1492 1150 1551 est

129 1601 311 1664 annotatio.
324 1601 549 1664 Ououunurua
561 1601 602 1664 ad
616 1622 746 1665 causam
761 1600 830 1665 eius
846 1600 1065 1683 explicandam
1080 1621 1149 1664 mo-

127 1715 221 1778 nuit:
245 1703 347 1807 Πρὸς
371 1706 510 1807 ἄνδρας
534 1705 604 1784 άπὸ
623 1706 804 1803 Ἑλλήνων
829 1705 1084 1794 πιστεύσαντας
1108 1713 1150 1784 ἕ·-

126 1848 289 1922 γραφεν,
304 1823 341 1899 o‘t'
357 1821 556 1915 δοξάζουσι
573 1820 641 1899 τὸν
654 1826 742 1914 Δία,
757 1821 1010 1900 ἐπαναστάντα
1023 1830 1075 1920 τῴ
1089 1854 1149 1899 οι·

126 1940 215 2034 aaa
227 1939 351 2036 πατρὶ,
363 1942 493 2021 ἐξῶσαι
506 1934 621 2013 αὐτὸν
634 1943 695 2031 τῆς
704 1939 891 2029 βασιλείας.
904 1944 993 2022 Δέος
1003 1935 1074 2014 οὖν
1083 1934 1149 2032 ἦν,

125 2049 187 2146 μή
205 2080 242 2127 τι
263 2057 431 2127 τοιοῦτον
452 2049 532 2149 παρ’
557 2048 648 2146 ἡμῖν
664 2048 930 2143 baowariorum
950 2057 1035 2138 quod
1054 2058 1149 2141 longe

127 2170 314 2254 quaesitum
340 2177 403 2248 est,
426 2190 619 2254 quamquam
644 2170 765 2254 placuit
790 2169 888 2233 etiam
910 2188 1147 2248 rnuonoauno,

128 2300 415 2362 rnnornmacro,
432 2287 617 2349 scholiastae
631 2284 717 2368 apud
731 2302 960 2362 manuninum,
976 2289 1022 2361 et,
1038 2304 1148 2348 recen-

126 2398 207 2464 tiori
224 2403 344 2477 aetate,
360 2416 561 2463 waramum.
576 2400 647 2463 Neo
663 2398 769 2461 multo
784 2397 898 2462 melius
916 2416 1075 2476 aaonua,
1089 2418 1147 2463 ou·

124 2514 182 2577 ins
199 2513 394 2578 sententiam
413 2523 711 2576 uurnrnauicmus
729 2511 891 2596 probavit,
908 2513 965 2575 aod
977 2533 1054 2576 oum
1072 2532 1147 2576 sen·

128 2627 236 2692 tentia
256 2622 471 2691 rnuonoannu
492 2626 654 2704 confudit,
674 2644 831 2704 faunum,
850 2626 991 2710 scripsit,
1011 2646 1053 2690 ne
1075 2628 1148 2692 Deo

129 2729 278 2806 omnium
290 2762 399 2807 rerum
410 2741 516 2826 opifici
527 2741 679 2804 iniuriam
689 2740 794 2804 facere
806 2739 970 2816 rideatur,
982 2756 1147 2806 occurrere

128 2868 247 2942 pravae
262 2855 530 2941 interpretationi.
544 2854 610 2919 Vix
626 2855 712 2919 enim
730 2859 788 2918 aut
805 2873 847 2917 ne
864 2853 918 2916 vix
937 2853 1067 2936 quidem
1085 2853 1147 2919 sibi

130 2968 205 3054 quin
223 2970 394 3054 rogitando
409 2970 534 3053 'tingere
544 2973 652 3053 potest
665 2969 830 3032 hominem
844 2974 911 3032 tam
926 2967 1146 3058 insipientem,

129 3086 170 3148 nt
188 3084 289 3170 priori
310 3084 408 3148 hniua
429 3102 538 3148 versus
564 3082 709 3147 membro
734 3081 888 3146 abutatur
908 3080 950 3144 ad
972 3081 1147 3147 obtrudan-

131 3198 207 3262 dam
221 3199 378 3284 Apostolo
393 3199 592 3284 opinionem,
603 3197 709 3280 ipsum
724 3214 868 3258 cnauro
883 3194 1063 3258 subiectum
1078 3217 1147 3262 esne

131 3313 241 3377 Deum
260 3319 293 3377 et
312 3314 449 3377 Patrem.
464 3313 576 3377 Quare
593 3311 708 3387 miror,
725 3313 931 3372 pecunarum
949 3308 1054 3372 simile
1068 3310 1147 3392 quid

131 3426 304 3510 repetiisse.
321 3427 514 3490 Coniectura
531 3431 642 3489 autem
659 3442 822 3488 osmrmu
834 3429 874 3487 et
892 3422 1041 3501 aliorum,
1062 3442 1146 3486 ruo·

131 3542 205 3603 ibit
222 3540 480 3618 hoo'monuisse,
496 3546 535 3603 ut
552 3539 681 3603 obviam
697 3538 760 3602 iret
777 3538 989 3615 Gnosttctrmo,
1008 3539 1147 3600 Corinthi

130 3652 272 3718 radicem
293 3654 448 3738 capienti,
467 3655 550 3717 nihil
568 3655 603 3716 in
620 3653 681 3716 hae
698 3651 844 3736 Epistola
862 3657 919 3714 aut
937 3650 1014 3714 alibi
1031 3650 1145 3729 habet,

131 3772 197 3850 q'uo
217 3766 351 3832 nitatur.
371 3767 435 3832 Sed
456 3768 547 3831 nulla
568 3771 668 3830 restat
690 3765 875 3841 difficultas,
894 3765 922 3829 ai
943 3765 1027 3829 hano
1045 3785 1146 3828 anno-

129 3880 290 3946 tationem
312 3882 482 3946 tribuimus
501 3881 649 3958 oonsilio,
670 3901 736 3943 uon
755 3880 892 3943 aliorum
910 3898 1030 3942 errores
1048 3879 1146 3942 corri-

130 3994 256 4078 gendi,
270 3996 327 4060 sed
353 3994 534 4060 stabiliendi
560 3994 657 4071 illud,
685 3992 771 4076 qnod
797 4014 893 4077 supra
918 3992 1050 4075 legitur,
1068 3991 1148 4074 fore

131 4109 311 4191 aliquando,
328 4115 362 4172 ut
380 4126 543 4172 cumanus
562 4128 687 4191 repoum
705 4109 769 4172 Deo
787 4113 816 4170 et
833 4109 927 4170 Patri
944 4106 1049 4168 tradat
1067 4108 1146 4188 ipre·

134 4249 142 4259 ιι
292 4256 294 4261 .

134 4268 300 4279 auu—una·—

137 4330 189 4411 ἱΙΙ1)
208 4329 327 4411 Exempla
345 4342 453 4398 locorum
472 4348 586 4397 similium
605 4350 675 4395 affert
694 4361 795 4395 wiern.
816 4362 840 4408 p.
861 4348 908 4394 552
927 4359 978 4420 sqq.
