2656 4890
147 289 190 349 94
430 303 699 349 rurrnrnurnrro
723 303 814 349 uuus.
837 286 890 349 22.

149 480 182 538 ct
207 491 381 538 cumarum
402 471 540 537 foederis
566 473 666 536 finisse
686 472 792 557 capita
817 474 868 539 vel
889 474 1069 560 principes,
1086 497 1170 560 quo<

148 609 220 653 rum
243 587 327 651 alter
346 586 475 651 abolem
497 593 737 668 repraesentaret
759 590 945 666 naturalem,
968 589 1050 655 alter
1070 593 1174 674 spari-

147 704 267 765 lnclcm.
294 700 360 765 Sed
385 701 420 763 in
447 721 585 764 errorem
609 701 691 784 lapsi
717 707 810 778 suut,
832 707 993 785 quotquot
1017 703 1077 768 hnc
1102 703 1171 777 lor·

147 810 258 881 mulas
277 835 347 879 non
369 813 532 879 habeth
553 813 699 879 absolute
720 815 841 899 positas
862 815 905 879 ad
925 817 1174 900 significandam

147 930 395 996 necessitudinem
423 931 580 1006 noralem,
612 950 695 1012 quae
727 931 761 993 in
792 931 914 1013 cepione
946 951 1003 995 seu
1032 950 1170 997 wnmw

148 1046 237 1109 nionc
262 1063 376 1107 snam
401 1050 429 1107 el
456 1063 592 1107 cunrsrr
619 1042 774 1120 cernitur,
797 1049 831 1108 et
855 1065 899 1107 vs.
925 1047 968 1107 45
995 1065 1064 1128 sqq.
1089 1052 1174 1112 aute

148 1132 258 1223 ocios
280 1157 436 1222 collocata
456 1164 513 1222 est.
537 1159 580 1221 In
602 1157 700 1242 priori
718 1163 828 1222 autem
845 1157 1005 1237 membro,
1024 1158 1067 1223 ad
1084 1159 1174 1227 hanc

148 1271 417 1339 uecessitudinem
442 1271 690 1349 enunciandam,
711 1271 795 1335 nihil
820 1272 923 1356 magis
944 1273 1172 1339 accommoda-

149 1392 221 1450 tum
246 1386 307 1450 erit
329 1408 427 1469 quam
448 1385 544 1450 verba
566 1385 606 1455 ἐν
628 1386 681 1476 τῷ
698 1375 820 1475 &ltin
842 1385 999 1470 explicare
1020 1388 1173 1470 sequaris

149 1519 285 1578 annuo,
301 1520 359 1565 reu
375 1501 509 1583 inopine
526 1518 641 1563 snuur
660 1499 832 1582 referenda.
848 1500 935 1584 Ergo
953 1520 1074 1565 omnes
1084 1502 1173 1567 mori

150 1614 316 1691 dicuutur,
339 1619 514 1696 quatenus,
532 1613 569 1677 in
590 1614 676 1697 leges
698 1613 763 1678 Dei
784 1613 961 1698 peccando,
980 1634 1095 1679 annui
1117 1635 1173 1681 eo-

148 1735 287 1793 ctatores
305 1734 393 1798 sunt.
413 1727 568 1792 Similiter
585 1728 674 1791 Rom.
693 1728 738 1791 V:
760 1729 801 1791 12
820 1748 921 1805 mors,
940 1748 997 1812 per
1016 1746 1173 1793 snum

149 1842 237 1907 huno
258 1841 418 1907 mundum
438 1841 595 1925 ingressa,
618 1839 661 1905 ad
682 1860 794 1905 omnes
815 1839 962 1905 homines
984 1847 1174 1925 poncinum

151 1954 281 2033 dicitur,
299 1946 356 2048 ἐφ’
381 1943 427 2046 ᾧ,
445 1953 482 2018 id
500 1960 563 2031 cat,
580 1961 746 2036 propterea
768 1955 850 2037 qnod
871 1975 982 2018 omnes
1004 1975 1071 2019 una
1091 1976 1173 2021 curn

150 2089 271 2133 suano
293 2074 475 2153 peacanmt.
493 2067 618 2136 Eodem
641 2067 740 2132 modo
761 2068 797 2132 in
818 2069 990 2153 posteriori
1012 2069 1174 2141 orationis

149 2182 307 2260 membro,
326 2204 427 2266 quum
448 2182 546 2268 priori
565 2183 697 2247 omniuo
714 2182 920 2267 respondeat,
940 2182 1098 2255 vcrbadr
1114 2187 1173 2277 τῷ

151 2297 302 2389 Χριστῷ
325 2295 509 2381 accipienda
528 2316 610 2374 osso,
629 2317 681 2360 res
698 2297 768 2380 ipsa
784 2297 937 2379 loquitur.
955 2296 1050 2360 Nihil
1067 2296 1175 2381 igitur

151 2410 272 2488 obstat,
305 2410 476 2493 quominus
513 2408 700 2474 scribamus:
733 2411 882 2493 repando
914 2426 1075 2488 curtraco,
1090 2450 1094 2457 =
1109 2431 1172 2476 rou

150 2525 283 2606 innnpirrc
304 2543 439 2587 cuursm
461 2523 633 2605 referenda.
652 2524 740 2587 Hinc
760 2544 836 2588 vem
856 2529 1001 2608 apparat,
1020 2522 1174 2589 Adiecti-

151 2659 227 2702 vum
255 2629 384 2717 πάντες
412 2636 473 2701 hac
501 2637 538 2700 iu
565 2636 710 2721 Apodosi
724 2636 781 2701 -ad
808 2637 915 2701 nullos
944 2637 1039 2716 alios,
1070 2658 1174 2719 quam

151 2757 311 2816 auctores
332 2769 469 2814 cunrsrr
489 2751 600 2815 referri
617 2771 725 2835 posse,
744 2749 869 2815 etiamsi
886 2750 969 2814 illud
985 2750 1022 2813 in
1039 2751 1173 2817 Protasi

152 2885 252 2930 onmes
265 2863 515 2949 comprehendat
528 2866 673 2941 honines,
689 2870 831 2948 quotquot
848 2878 1004 2928 annuum
1011 2866 1175 2946 peccam

152 2984 331 3060 acqnnntnr,
356 2977 443 3061 quod
465 2977 703 3056 etiamsolum,
723 2986 762 3043 ut
782 3000 879 3063 supra
900 2979 1039 3042 vidimus
1062 2983 1095 3043 ot
1118 2980 1174 3045 iu·

152 3091 201 3155 fra
226 3091 419 3168 videbimus,
444 3091 655 3156 circumiectis
681 3114 724 3157 vs.
752 3095 880 3156 18—21
910 3097 943 3158 et
967 3114 1012 3157 va.
1038 3094 1097 3169 23,
1127 3095 1175 3156 24

153 3205 311 3270 convenit.
333 3206 378 3269 Et
402 3206 574 3270 remotiora
600 3228 644 3269 vs.
666 3209 711 3269 42
733 3228 800 3288 sqq.
823 3228 924 3288 quum
946 3205 1073 3269 boatum
1094 3211 1174 3269 tau-

153 3326 224 3385 tum
245 3319 521 3384 immortalitatem
543 3319 740 3404 praedicent,
763 3319 956 3397 luculenter,
975 3318 1038 3382 nisi
1060 3319 1174 3398 fallor,

154 3432 342 3509 ostendunt,
370 3439 533 3497 auctorem
558 3433 619 3496 sibi
644 3454 712 3497 non
737 3433 934 3510 constitisse,
956 3434 984 3496 ri
1010 3434 1081 3496 hoc·
1097 3433 1176 3498 loeo

152 3551 348 3631 proponatur
372 3547 454 3610 alius
476 3549 600 3631 generis
621 3546 853 3611 imm0rtalitas.
876 3545 984 3611 Quid?
1008 3546 1096 3628 quod
1119 3547 1178 3611 his-

152 3660 348 3742 argumentis
374 3659 507 3725 verbum
530 3652 874 3751 ζωοποιηθήσονται
895 3660 1020 3743 pondus
1042 3668 1174 3725 erma

153 3780 300 3838 mentum
323 3774 442 3839 adiicit
469 3776 569 3839 Recte
594 3774 724 3858 quidem
750 3778 959 3850 niicxcnrus,
986 3792 1176 3851 nunninus,

154 3907 301 3951 wurrrus
322 3887 405 3951 illud
426 3888 578 3953 vertendo
599 3887 798 3954 reddendum
820 3910 888 3954 esse
913 3894 1114 3954 monuerunt
1139 3891 1175 3953 in

153 4001 247 4066 cilone
276 4003 469 4067 restituentur
500 4005 544 4084 ¹),
573 4002 643 4081 sed,
670 4003 846 4069 secundum
874 4002 1026 4086 loquendi
1056 4025 1181 4083 usum,

152 4168 309 4181 7¹——

190 4277 212 4337 ι)
230 4277 276 4325 cff.
300 4282 397 4339 practer
420 4292 457 4329 vs.
481 4280 526 4337 36,
547 4283 562 4327 2
582 4282 639 4342 llep.
662 4282 694 4328 V:
717 4278 738 4329 7.
761 4281 823 4328 Neli.
845 4281 894 4329 IX:
918 4282 942 4329 6.
964 4281 1034 4328 lion.
1056 4281 1106 4329 IV:
1130 4279 1171 4330 17.

155 4355 314 4416 Opinionem,
335 4357 411 4405 verbo
434 4352 661 4420 ζωοποιηθήσονται
681 4359 837 4407 tribuendam
856 4373 910 4407 esse
930 4359 1056 4407 notionem
1076 4360 1173 4423 figura-
