2656 4890
176 311 226 353 ΧΠ
469 309 627 352 timbrona
652 307 696 350 An
721 307 893 352 wmaaurr.

176 477 335 542 destinata
358 496 425 540 esse
441 476 565 560 scripsi,
592 474 723 552 curabo,
754 484 792 540 ut
821 497 929 540 eorum
961 497 1087 560 quoque
1115 499 1196 543 non-

176 589 265 653 nulla
294 588 410 653 Latine
441 587 603 672 prodeant.
636 591 720 654 ,Hoc
743 594 866 666 autem,
897 590 1079 674 quicunque
1101 592 1136 654 in
1159 612 1196 656 eo

177 700 368 779 offendatur,
380 708 519 766 atenon
531 700 807 784 reprehensumiri
827 717 975 787 auguror,
999 725 1093 787 quem
1112 704 1199 769 haud
1315 739 1318 746 ·

176 817 223 881 ita
241 815 364 899 pridem
385 814 529 879 intellexi
543 819 701 892 metuere,
726 836 768 881 ne
779 816 880 881 nimio
895 817 1064 882 hominnm
1074 817 1197 883 fervore

123 904 126 911 ,
177 930 306 1014 linguae
328 928 464 992 Latinae
485 950 563 992 usus
587 949 625 994 ex
645 929 762 993 scholis
782 935 814 994 et
825 929 1008 994 Academiis
1020 932 1194 997 tolleretur.

222 1044 294 1106 Iam
316 1041 596 1126 praestantissimis
619 1041 811 1107 Academiae
845 1043 1012 1108 Leidensis
1042 1045 1195 1121 alumnis,

179 1174 370 1220 arnasano
389 1174 540 1232 unauna,
563 1155 756 1240 'theologiae
781 1155 917 1234 doctori,
932 1160 965 1227 S.
979 1160 1010 1222 S.
1022 1157 1197 1222 Ministerii

179 1267 358 1334 Candidato
388 1275 485 1352 atque
513 1269 703 1353 Interpretis
733 1269 848 1353 Legati
869 1270 1071 1335 Warneriani
1094 1271 1196 1354 Adju-

180 1383 257 1460 tori,
282 1387 314 1447 et
334 1401 531 1446 carnnarno
544 1401 741 1446 roaauonao
755 1402 904 1461 annuas,
916 1383 1109 1468 Theologiae
1121 1387 1197 1449 stu.

181 1495 285 1573 dioso,
305 1496 361 1579 qui
378 1496 458 1559 mihi
489 1496 530 1559 ad
551 1496 753 1580 corrigendos
778 1517 945 1582 operarum
967 1517 1087 1561 errores
1106 1497 1197 1562 adiu-

179 1615 290 1673 mento
311 1609 457 1686 fuerunt,
479 1607 605 1692 publice
619 1609 702 1692 grati
721 1609 821 1673 animi
841 1610 1074 1694 significatione
1093 1612 1197 1688 facta,

180 1722 262 1785 nihil
283 1722 371 1786 aliud
389 1721 469 1785 mihi
487 1721 646 1805 reliquum
665 1729 727 1800 est,
748 1744 845 1805 quam
868 1729 906 1787 ut
928 1723 1002 1801 tibi,
1026 1724 1085 1787 Vir
1106 1726 1198 1789 Ami-

181 1835 320 1900 cissime!
352 1835 534 1900 valedicam.
565 1836 676 1901 Quum
699 1837 881 1920 nuperrime
903 1837 984 1900 mihi
1006 1837 1197 1921 scripsisses,

48 1947 52 1961 '
181 1957 229 2026 te,
248 1948 333 2014 facto
356 1969 413 2033 per
432 1949 637 2014 Germaniam
656 1951 851 2034 superiorem
873 1949 1002 2028 itinere,
1021 1957 1147 2034 promte
1165 1957 1198 2016 et

181 2063 327 2128 alacriter
341 2061 382 2126 ad
392 2067 546 2136 consueta
557 2063 664 2127 studia
674 2063 822 2142 rediisse,
835 2063 938 2128 dicore
950 2084 1088 2146 nequeo,
1100 2085 1198 2146 quam

181 2175 284 2242 laetus
301 2177 439 2241 nuncius
460 2176 541 2240 mihi
551 2176 659 2243 fireris.
672 2177 766 2241 Nihil
788 2182 979 2261 superesset,
999 2175 1086 2259 quod
1108 2183 1198 2262 opta-

180 2309 261 2366 rem,
288 2289 471 2372 siquando
499 2309 555 2374 per
583 2288 785 2356 tabellarium
812 2288 976 2374 publicum
1002 2290 1127 2354 Literaa
1146 2311 1198 2355 ac-

182 2402 333 2487 ciperem,
353 2402 468 2485 quibus
488 2422 540 2466 me
557 2402 725 2468 certiorem
737 2403 857 2468 faceres
871 2402 912 2469 de
926 2407 1037 2468 curata
1052 2401 1199 2480 tandem,

183 2537 246 2598 qua
270 2515 410 2580 multum
434 2513 602 2594 laborasti,
632 2515 797 2580 catulorum
829 2515 1019 2581 valetudine.
1040 2515 1200 2598 Equidem

182 2628 290 2692 Deum
316 2628 353 2692 0.
381 2630 427 2692 M.
451 2628 596 2712 precibus
615 2628 704 2694 adire
725 2650 792 2693 uon
814 2629 970 2708 desinam,
1001 2635 1040 2702 ut
1061 2631 1122 2694 hac
1144 2630 1201 2693 diu

183 2742 321 2826 corporis
354 2742 517 2825 animique
545 2742 767 2807 incolumitate
792 2743 922 2820 fruaris,
941 2765 1005 2827 qua
1026 2742 1199 2827 singularia

182 2854 252 2932 illa,
280 2854 395 2938 quibus
420 2862 524 2920 totam
549 2855 716 2920 hominum
740 2856 995 2922 Christianorum
1015 2857 1200 2921 societatem

183 2966 243 3031 tibi
263 2967 445 3046 devinxisti,
466 2970 593 3046 merita,
614 2975 771 3052 quantum
789 2970 952 3034 cumulato
970 2969 1135 3034 cumulata
1152 2970 1199 3032 lo-

184 3103 239 3145 cus
274 3072 338 3159 est,
371 3081 528 3166 adaugere
557 3084 667 3168 possis.
698 3083 865 3161 Ceterum
895 3082 1049 3166 quamdiu
1078 3082 1198 3159 vivam,

184 3193 244 3259 tibi
266 3193 398 3279 probare
417 3195 568 3275 conabor,
589 3196 624 3260 in
646 3217 699 3261 me
722 3197 910 3280 neutiquam
932 3195 1102 3260 convenire
1120 3195 1200 3259 Pro-

184 3307 341 3387 verbium,
369 3309 455 3392 quod
477 3330 674 3375 ennarrans
696 3312 761 3375 iam
784 3309 825 3375 ab
847 3309 1049 3390 humanitate
1072 3308 1198 3371 alienis-

185 3421 301 3486 simum
321 3421 415 3500 dixit,
435 3425 553 3488 amicos
573 3445 591 3488 e
609 3425 785 3508 longinquo
804 3422 984 3488 habitantes
1000 3422 1117 3486 amicos
1133 3443 1199 3484 non

185 3554 260 3599 esse.

181 3769 188 3778 “
231 3759 348 3844 Scripsi
372 3781 493 3824 amona
519 3761 547 3825 d.
572 3783 647 3824 xvir
672 3762 819 3826 Octobris
846 3765 937 3826 1851.

604 4035 781 4061 »Omna-
