2656 4890
361 326 652 384 ΙΙιεεσειιεειιιεειειο
676 338 767 384 rcus.
792 323 841 384 12.
1076 318 1121 384 63

99 498 201 593 ipsos·
214 505 438 572 contradicere.
467 505 574 572 Verba
601 506 669 571 eius
698 514 790 572 sumt:
818 507 861 579 El
890 502 934 578 dd
964 501 1121 600 Χριστὸς

99 613 335 715 κηρύσσεται,
355 612 413 692 ὅτι
434 620 475 691 ἐκ
494 621 634 715 νεκρῶν
657 611 861 715 ἐγήγερται,
884 622 957 701 πῶς
977 619 1123 714 λέγουσι

97 748 196 814 τινες
222 732 264 804 ἓν
291 726 399 824 ὑμῖν,
429 727 485 804 ὅτι
513 725 706 814 ἀνάστασις
737 735 880 828 νεκρῶν
911 728 981 806 cdx
1012 733 1122 806 ἐστιν.

98 849 145 913 Im
162 847 268 932 priori
292 847 390 911 huius
416 847 570 912 orationis
592 846 737 912 membro
759 848 871 913 eadem
892 848 1049 933 reperitur
1070 848 1119 912 di-

95 959 196 1026 cendi
218 960 321 1023 fonna
342 979 380 1024 ac
402 961 505 1024 Marc.
528 960 612 1025 XII:
637 963 688 1024 34.
711 962 818 1025 Ιοαιιιι.
841 961 907 1027 XI:
932 965 984 1025 31.
1010 965 1025 1025 1
1050 963 1119 1027 Cor.

96 1074 133 1138 1:
164 1074 224 1150 26,
253 1094 334 1156 quos
362 1072 449 1138 locos
479 1075 591 1138 notavi
621 1074 663 1138 ad
695 1096 739 1138 vs.
775 1077 810 1152 l,
845 1078 874 1139 2.
908 1077 996 1159 Ergo
1028 1096 1121 1140 voce-

93 1187 214 1251 bulum
236 1177 409 1279 Χριστός,
433 1187 520 1270 quod
541 1186 651 1252 Verbo
672 1179 899 1281 κηρύσσεται,
922 1194 1037 1273 utpote
1056 1187 1121 1274 pri-

92 1300 253 1376 marium,
279 1300 497 1384 praepositum
524 1306 587 1378 est,
614 1301 791 1384 explicatur
818 1301 1041 1384 sequentibus:
1065 1295 1122 1373 ὅτι

93 1404 139 1484 ἐκ
171 1413 313 1507 νεκρῶν
346 1405 542 1509 ἐγήγερται.
580 1415 643 1478 Por
679 1413 974 1497 Breviloquentiam
1011 1421 1121 1480 autom

93 1526 324 1611 praetermisso
348 1547 432 1604 esse,
459 1547 542 1609 quoe
570 1526 668 1592 verbo
697 1526 745 1590 illi
774 1527 946 1610 cogitando
975 1527 1121 1592 addenda

93 1640 182 1720 sint,
213 1640 349 1724 quisque
377 1660 436 1704 sue
466 1644 581 1724 sponte
609 1639 771 1724 intelligit.
802 1642 874 1704 Noc
904 1639 1120 1706 dubitandum

94 1760 167 1832 est,
201 1753 279 1838 quin
312 1772 443 1817 riorus
476 1750 538 1817 sibi
571 1753 722 1818 volucritz
753 1755 781 1818 st
808 1773 879 1818 vcro
909 1772 1072 1817 onmsros
1102 1776 1123 1817 a

93 1866 200 1945 mou,
223 1867 331 1950 ριιεε
348 1867 445 1954 γαρ
470 1866 600 1944 uoto,
625 1869 731 1949 param
756 1873 785 1930 et
803 1868 927 1950 pollice
952 1870 1121 1932 τερετισ-

92 1986 171 2056 ttsr,
193 1994 311 2063 compo,
334 1998 402 2044 eom
424 1998 463 2042 ια
484 1981 614 2042 monuo
635 1982 813 2043 suscitatum
835 2001 905 2045 esse.
929 1984 1024 2046 Hanc
1046 1998 1121 2047 vero

93 2092 251 2158 Prousin
272 2092 432 2177 Apodosis
456 2092 573 2176 excipit
594 2092 697 2156 multo
721 2091 889 2157 difficilior.

99 2236 102 2241 ·
143 2207 189 2270 m
221 2206 363 2292 primum
399 2205 530 2289 quidem
567 2205 713 2288 quaestio
749 2210 814 2283 est,
849 2205 928 2288 quid
961 2206 1121 2288 significet

95 2319 241 2384 formula
270 2309 465 2400 ἀνάστασις
492 2321 648 2413 νεκρῶν,
679 2318 771 2384 cuius
801 2319 906 2384 variae
931 2319 1120 2405 intorpreta—
1214 2378 1215 2381 ,

91 2433 210 2498 tiones·
225 2431 261 2496 in
283 2433 427 2497 lutroitu
449 2440 716 2498 commemoratae
736 2436 872 2517 eunt1).
892 2434 990 2500 Quod
1008 2440 1119 2498 autem

92 2545 148 2610 ibi
175 2545 271 2610 verbo
298 2546 423 2623 notavi,
454 2568 525 2611 cam
553 2566 659 2629 neque
685 2549 833 2625 ocimum,
860 2567 967 2630 neque
993 2567 1118 2630 corpus,

93 2657 205 2722 multo
222 2659 329 2753 minus
348 2678 484 2738 caruem,
504 2658 561 2724 sed
578 2662 726 2725 tomitem
740 2666 897 2745 spectare,
918 2660 988 2725 sine
1002 2678 1120 2743 magno

94 2771 232 2856 negotio
252 2771 453 2856 probabitur.
483 2774 567 2838 'Poto
595 2773 682 2838 enim
707 2773 786 2838 hooc
813 2792 916 2838 riom
944 2773 1120 2857 disputatio

94 2882 196 2949 nobis
220 2890 288 2950 tem
313 2886 491 2965 evidenter,
513 2888 677 2965 Ιιοιιιιιιαιι,
705 2908 743 2951 ex
764 2892 868 2951 morte
889 2887 926 2950 in
947 2889 1049 2952 vitam
1069 2906 1122 2951 re«

100 2998 264 3077 diturum,
286 2999 452 3084 proponit,
474 3006 514 3064 ut
535 2999 644 3064 nullus
666 3000 804 3085 amplius
828 3000 1056 3086 disceptationi·
1073 3000 1121 3064 lo-

96 3132 161 3178 cus
187 3117 303 3197 pateat.
326 3114 540 3199 Scrupulum,
567 3133 663 3197 quem
688 3113 823 3179 fortusse
848 3136 893 3178 vs.
917 3117 959 3177 35
984 3134 1051 3196 sqq.
1074 3114 1120 3177 le·

97 3225 185 3291 ctori
210 3225 374 3307 inliciunt,
398 3248 489 3312 spero
511 3227 596 3305 fore,
619 3232 658 3290 ut
678 3227 764 3290 infre
786 3246 825 3290 cx
847 3227 956 3290 animo
979 3226 1119 3290 evellam.

97 3340 176 3403 Iam
187 3338 221 3403 in
233 3341 332 3424 priori
342 3340 439 3405 huius
451 3364 494 3405 vs.
507 3340 651 3406 membro
661 3340 852 3424 Apostolus,
861 3362 961 3422 quum
970 3338 1121 3403 scriberet

98 3444 261 3545 Χριστὸς
277 3445 479 3548 ἐγήγερται,
499 3457 553 3518 toti
573 3472 729 3531 cnersro,
748 3475 815 3516 nou
834 3453 957 3531 animo,
977 3458 1034 3516 aut
1051 3473 1120 3518 cor-

97 3565 173 3649 pori
200 3567 283 3645 eius,
310 3567 450 3633 reditum
472 3568 507 3631 in
530 3568 630 3633 vitam
653 3567 774 3632 tribuit.
797 3567 921 3632 Eodem
945 3567 1034 3631 ducit
1053 3566 1119 3630 for-

96 3785 259 3798 nunna-

130 3915 161 3976 *ἡ
176 3916 257 3967 nulus
279 3917 328 3968 loci
351 3933 401 3968 non
424 3921 462 3968 est
488 3931 693 3976 commemorare,
718 3930 782 3979 quae
809 3929 949 3964 ursimus
975 3915 1063 3977 aliique
1089 3916 1120 3964 de

96 3994 175 4061 sopiit
195 4001 345 4060 monuerunt
362 3996 518 4054 notionibus,
540 4009 599 4058 quas
620 3995 769 4046 vocabulum
789 3988 922 4050 οἷνάστασις
942 3993 968 4042 in
988 3993 1055 4043 libris
1075 3994 1119 4042 ho·

97 4075 147 4124 bct
166 4076 324 4126 Graecorum.
346 4077 395 4125 Sed
413 4075 471 4124 huic
491 4073 650 4136 disputationi
666 4075 740 4123 valde
757 4074 968 4124 accommodatum
986 4060 1120 4135 eut,'quod

97 4141 195 4216 ltpltu
208 4153 276 4216 opud
295 4166 479 4212 Ausonrtosr,
496 4154 626 4202 Eumenid.
644 4167 680 4202 vs.
702 4154 764 4211 644,
783 4154 843 4201 645:
997 4149 1002 4158 '

100 4248 189 4289 ,με-,1,-
253 4262 256 4271 ·
363 4225 473 4300 ’Λνδρὸς
489 4226 516 4281 δ’
532 4226 635 4282 ἐπειδᾶν
653 4219 710 4297 αἷμ’
727 4222 857 4292 ἄνασπᾶσῃ
873 4222 956 4293 κόνις,

103 4373 106 4381 Ι
129 4364 133 4375 ,
361 4304 448 4369 “Anci
464 4302 590 4367 θανόντος
608 4300 676 4366 οὔτις
693 4304 748 4360 ἔστ’
764 4301 905 4363 οἷνᾶστασις.

98 4384 142 4440 Oi.
157 4382 277 4452 sortire,
297 4382 430 4440 Comment.
449 4390 506 4440 Vol.
525 4390 575 4439 lll.
591 4405 617 4450 p.
636 4390 693 4438 211.
