<?xml version="1.0" encoding="UTF-8"?>
<!DOCTYPE html PUBLIC "-//W3C//DTD XHTML 1.0 Transitional//EN"
    "http://www.w3.org/TR/xhtml1/DTD/xhtml1-transitional.dtd">
<html xmlns="http://www.w3.org/1999/xhtml" xml:lang="en" lang="en">
 <head>
  <title>
</title>
<meta http-equiv="Content-Type" content="text/html;charset=utf-8" />
  <meta name='ocr-system' content='tesseract 3.04.00' />
  <meta name='ocr-capabilities' content='ocr_page ocr_carea ocr_par ocr_line ocrx_word'/>
</head>
<body>
  <div class='ocr_page' id='page_1' title='image "./commentariusper00henggoog_0171.png"; bbox 0 0 2656 4890; ppageno 0'>
   <div class='ocr_carea' id='block_1_1' title="bbox 150 280 891 341">
    <p class='ocr_par' dir='ltr' id='par_1_1' title="bbox 150 280 891 341">
     <span class='ocr_line' id='line_1_1' title="bbox 150 280 891 341; baseline 0.003 -2"><span class='ocrx_word' id='word_1_1' title='bbox 150 280 213 339; x_wconf 75' lang='lat' dir='ltr'><strong>lle</strong></span> <span class='ocrx_word' id='word_1_2' title='bbox 414 297 699 339; x_wconf 65' lang='lat' dir='ltr'><strong>unrnarnnrnrro</strong></span> <span class='ocrx_word' id='word_1_3' title='bbox 724 296 815 341; x_wconf 79' lang='lat' dir='ltr'><strong>vans.</strong></span> <span class='ocrx_word' id='word_1_4' title='bbox 840 281 891 341; x_wconf 77' lang='lat'><strong>30,</strong></span> 
     </span>
    </p>
   </div>
   <div class='ocr_carea' id='block_1_2' title="bbox 117 464 1217 2256">
    <p class='ocr_par' dir='ltr' id='par_1_2' title="bbox 117 464 1217 2256">
     <span class='ocr_line' id='line_1_2' title="bbox 149 464 1178 552; baseline 0.007 -26"><span class='ocrx_word' id='word_1_5' title='bbox 149 486 215 526; x_wconf 90' lang='lat' dir='ltr'><strong>non</strong></span> <span class='ocrx_word' id='word_1_6' title='bbox 230 464 287 539; x_wconf 89' lang='lat' dir='ltr'><strong>sit,</strong></span> <span class='ocrx_word' id='word_1_7' title='bbox 299 467 358 526; x_wconf 83' lang='lat' dir='ltr'><strong>dos·</strong></span> <span class='ocrx_word' id='word_1_8' title='bbox 368 465 523 528; x_wconf 83' lang='lat' dir='ltr'><strong>adiutores</strong></span> <span class='ocrx_word' id='word_1_9' title='bbox 537 485 600 527; x_wconf 88' lang='lat' dir='ltr'><strong>uua</strong></span> <span class='ocrx_word' id='word_1_10' title='bbox 615 484 682 528; x_wconf 87' lang='lat' dir='ltr'><strong>cum</strong></span> <span class='ocrx_word' id='word_1_11' title='bbox 699 485 809 528; x_wconf 74' lang='lat' dir='ltr'><strong>reuno</strong></span> <span class='ocrx_word' id='word_1_12' title='bbox 826 472 969 549; x_wconf 85' lang='lat' dir='ltr'><strong>spectare</strong></span> <span class='ocrx_word' id='word_1_13' title='bbox 984 467 1114 533; x_wconf 88' lang='lat' dir='ltr'><strong>videtur</strong></span> <span class='ocrx_word' id='word_1_14' title='bbox 1132 471 1178 552; x_wconf 76' lang='lat'><strong>1),</strong></span> 
     </span>
     <span class='ocr_line' id='line_1_3' title="bbox 148 579 1179 664; baseline 0.009 -24"><span class='ocrx_word' id='word_1_15' title='bbox 148 579 210 641; x_wconf 91' lang='lat' dir='ltr'><strong>nisi</strong></span> <span class='ocrx_word' id='word_1_16' title='bbox 236 579 451 659; x_wconf 73' lang='lat' dir='ltr'><strong>Apostomrum</strong></span> <span class='ocrx_word' id='word_1_17' title='bbox 476 581 755 662; x_wconf 74' lang='lat' dir='ltr'><strong>commemoratio,</strong></span> <span class='ocrx_word' id='word_1_18' title='bbox 779 586 817 642; x_wconf 91' lang='lat' dir='ltr'><strong>ut</strong></span> <span class='ocrx_word' id='word_1_19' title='bbox 839 601 936 664; x_wconf 90' lang='lat' dir='ltr'><strong>supra</strong></span> <span class='ocrx_word' id='word_1_20' title='bbox 957 603 1001 645; x_wconf 87' lang='lat' dir='ltr'><strong>vs.</strong></span> <span class='ocrx_word' id='word_1_21' title='bbox 1028 584 1078 645; x_wconf 85' lang='lat'><strong>15.</strong></span> <span class='ocrx_word' id='word_1_22' title='bbox 1103 582 1179 649; x_wconf 77' lang='lat' dir='ltr'><strong>coll</strong></span> 
     </span>
     <span class='ocr_line' id='line_1_4' title="bbox 148 693 1178 775; baseline 0.006 -21"><span class='ocrx_word' id='word_1_23' title='bbox 148 713 192 754; x_wconf 85' lang='lat' dir='ltr'><strong>vs.</strong></span> <span class='ocrx_word' id='word_1_24' title='bbox 220 695 345 768; x_wconf 89' lang='lat'><strong>9-11,</strong></span> <span class='ocrx_word' id='word_1_25' title='bbox 372 695 429 769; x_wconf 75' lang='lat'><strong>14,</strong></span> <span class='ocrx_word' id='word_1_26' title='bbox 452 693 622 775; x_wconf 79' lang='lat' dir='ltr'>praecedat</span> <span class='ocrx_word' id='word_1_27' title='bbox 645 699 702 756; x_wconf 92' lang='lat' dir='ltr'><strong>aut</strong></span> <span class='ocrx_word' id='word_1_28' title='bbox 724 700 884 775; x_wconf 83' lang='lat' dir='ltr'><strong>sequatur.</strong></span> <span class='ocrx_word' id='word_1_29' title='bbox 907 694 960 757; x_wconf 89' lang='lat' dir='ltr'><strong>Ab</strong></span> <span class='ocrx_word' id='word_1_30' title='bbox 983 695 1039 758; x_wconf 87' lang='lat' dir='ltr'><strong>illa</strong></span> <span class='ocrx_word' id='word_1_31' title='bbox 1060 701 1178 761; x_wconf 86' lang='lat' dir='ltr'><strong>autem</strong></span> 
     </span>
     <span class='ocr_line' id='line_1_5' title="bbox 148 806 1178 890; baseline 0.006 -21"><span class='ocrx_word' id='word_1_32' title='bbox 148 807 293 869; x_wconf 91' lang='lat' dir='ltr'><strong>oratione</strong></span> <span class='ocrx_word' id='word_1_33' title='bbox 312 828 414 888; x_wconf 89' lang='lat' dir='ltr'><strong>quum</strong></span> <span class='ocrx_word' id='word_1_34' title='bbox 431 807 560 890; x_wconf 85' lang='lat' dir='ltr'><strong>longius</strong></span> <span class='ocrx_word' id='word_1_35' title='bbox 580 806 679 871; x_wconf 90' lang='lat' dir='ltr'><strong>distet</strong></span> <span class='ocrx_word' id='word_1_36' title='bbox 696 829 739 871; x_wconf 90' lang='lat' dir='ltr'><strong>vs.</strong></span> <span class='ocrx_word' id='word_1_37' title='bbox 760 809 819 883; x_wconf 88' lang='lat'><strong>30,</strong></span> <span class='ocrx_word' id='word_1_38' title='bbox 836 828 932 890; x_wconf 89' lang='lat' dir='ltr'><strong>quam</strong></span> <span class='ocrx_word' id='word_1_39' title='bbox 951 813 989 872; x_wconf 87' lang='lat' dir='ltr'><strong>ut</strong></span> <span class='ocrx_word' id='word_1_40' title='bbox 1003 809 1178 875; x_wconf 85' lang='lat' dir='ltr'><strong>notionem</strong></span> 
     </span>
     <span class='ocr_line' id='line_1_6' title="bbox 149 919 1179 1004; baseline 0.006 -21"><span class='ocrx_word' id='word_1_41' title='bbox 149 920 354 983; x_wconf 88' lang='lat' dir='ltr'><strong>Pronominis</strong></span> <span class='ocrx_word' id='word_1_42' title='bbox 380 920 441 983; x_wconf 92' lang='lat' dir='ltr'><strong>hoc</strong></span> <span class='ocrx_word' id='word_1_43' title='bbox 466 920 503 983; x_wconf 91' lang='lat' dir='ltr'><strong>in</strong></span> <span class='ocrx_word' id='word_1_44' title='bbox 529 920 601 983; x_wconf 91' lang='lat' dir='ltr'><strong>loco</strong></span> <span class='ocrx_word' id='word_1_45' title='bbox 628 919 761 984; x_wconf 89' lang='lat' dir='ltr'><strong>definire</strong></span> <span class='ocrx_word' id='word_1_46' title='bbox 787 921 904 1004; x_wconf 82' lang='lat' dir='ltr'><strong>possit,</strong></span> <span class='ocrx_word' id='word_1_47' title='bbox 931 922 1009 985; x_wconf 90' lang='lat' dir='ltr'><strong>satis</strong></span> <span class='ocrx_word' id='word_1_48' title='bbox 1035 922 1179 989; x_wconf 78' lang='lat' dir='ltr'><strong>fidenter</strong></span> 
     </span>
     <span class='ocr_line' id='line_1_7' title="bbox 148 1033 1048 1117; baseline 0.003 -22"><span class='ocrx_word' id='word_1_49' title='bbox 148 1035 353 1117; x_wconf 87' lang='lat' dir='ltr'><strong>interpretor:</strong></span> <span class='ocrx_word' id='word_1_50' title='bbox 372 1055 425 1117; x_wconf 89' lang='lat' dir='ltr'><strong>eqo</strong></span> <span class='ocrx_word' id='word_1_51' title='bbox 444 1035 574 1116; x_wconf 78' lang='lat' dir='ltr'><strong>meique,</strong></span> <span class='ocrx_word' id='word_1_52' title='bbox 598 1035 648 1116; x_wconf 90' lang='lat' dir='ltr'><strong>(ut</strong></span> <span class='ocrx_word' id='word_1_53' title='bbox 666 1033 769 1097; x_wconf 89' lang='lat' dir='ltr'><strong>nostis</strong></span> <span class='ocrx_word' id='word_1_54' title='bbox 788 1033 862 1117; x_wconf 87' lang='lat' dir='ltr'><strong>ipsi)</strong></span> <span class='ocrx_word' id='word_1_55' title='bbox 886 1035 1048 1099; x_wconf 83' lang='lat' dir='ltr'><strong>adiutores.</strong></span> 
     </span>
     <span class='ocr_line' id='line_1_8' title="bbox 192 1139 1179 1237; baseline 0.006 -28"><span class='ocrx_word' id='word_1_56' title='bbox 192 1147 389 1211; x_wconf 79' lang='lat' dir='ltr'><strong>Particidam</strong></span> <span class='ocrx_word' id='word_1_57' title='bbox 401 1143 463 1217; x_wconf 81' lang='grc' dir='ltr'><strong>καὶ</strong></span> <span class='ocrx_word' id='word_1_58' title='bbox 478 1154 597 1211; x_wconf 89' lang='lat' dir='ltr'><strong>temere</strong></span> <span class='ocrx_word' id='word_1_59' title='bbox 612 1168 686 1210; x_wconf 89' lang='lat' dir='ltr'><strong>oum</strong></span> <span class='ocrx_word' id='word_1_60' title='bbox 700 1148 896 1211; x_wconf 88' lang='lat' dir='ltr'><strong>Pronomine</strong></span> <span class='ocrx_word' id='word_1_61' title='bbox 910 1139 1026 1237; x_wconf 79' lang='grc' dir='ltr'><strong><em>ἡμεῖς,</em></strong></span> <span class='ocrx_word' id='word_1_62' title='bbox 1039 1155 1078 1212; x_wconf 91' lang='lat' dir='ltr'><strong>ut</strong></span> <span class='ocrx_word' id='word_1_63' title='bbox 1090 1149 1179 1215; x_wconf 87' lang='lat' dir='ltr'><strong>bene</strong></span> 
     </span>
     <span class='ocr_line' id='line_1_9' title="bbox 117 1261 1176 1347; baseline 0.004 -23"><span class='ocrx_word' id='word_1_64' title='bbox 117 1276 121 1293; x_wconf 85' lang='lat'><strong><em>¹</em></strong></span> <span class='ocrx_word' id='word_1_65' title='bbox 150 1261 375 1325; x_wconf 87' lang='lat' dir='ltr'><strong>animadvertit</strong></span> <span class='ocrx_word' id='word_1_66' title='bbox 400 1281 580 1337; x_wconf 77' lang='lat' dir='ltr'><strong>uariarum,</strong></span> <span class='ocrx_word' id='word_1_67' title='bbox 603 1267 792 1325; x_wconf 81' lang='lat' dir='ltr'><strong>connectere</strong></span> <span class='ocrx_word' id='word_1_68' title='bbox 818 1263 932 1325; x_wconf 92' lang='lat' dir='ltr'><strong>volunt</strong></span> <span class='ocrx_word' id='word_1_69' title='bbox 955 1263 1176 1347; x_wconf 80' lang='lat' dir='ltr'><strong>Interpretes‚</strong></span> 
     </span>
     <span class='ocr_line' id='line_1_10' title="bbox 149 1375 1178 1463; baseline 0.008 -27"><span class='ocrx_word' id='word_1_70' title='bbox 149 1375 205 1456; x_wconf 91' lang='lat' dir='ltr'><strong>qni</strong></span> <span class='ocrx_word' id='word_1_71' title='bbox 223 1375 284 1438; x_wconf 92' lang='lat' dir='ltr'><strong>hoc</strong></span> <span class='ocrx_word' id='word_1_72' title='bbox 304 1395 343 1437; x_wconf 84' lang='lat' dir='ltr'><strong>ex</strong></span> <span class='ocrx_word' id='word_1_73' title='bbox 360 1395 454 1438; x_wconf 87' lang='lat' dir='ltr'><strong>versu</strong></span> <span class='ocrx_word' id='word_1_74' title='bbox 477 1379 702 1458; x_wconf 80' lang='lat' dir='ltr'><strong>argumentum</strong></span> <span class='ocrx_word' id='word_1_75' title='bbox 717 1380 834 1459; x_wconf 90' lang='lat' dir='ltr'><strong>petunt</strong></span> <span class='ocrx_word' id='word_1_76' title='bbox 847 1376 1001 1460; x_wconf 85' lang='lat' dir='ltr'><strong>figuratae</strong></span> <span class='ocrx_word' id='word_1_77' title='bbox 1016 1379 1178 1463; x_wconf 86' lang='lat' dir='ltr'><strong>interpre-</strong></span> 
     </span>
     <span class='ocr_line' id='line_1_11' title="bbox 149 1481 1182 1579; baseline 0.014 -28"><span class='ocrx_word' id='word_1_78' title='bbox 149 1489 281 1552; x_wconf 87' lang='lat' dir='ltr'><strong>tationis</strong></span> <span class='ocrx_word' id='word_1_79' title='bbox 304 1489 563 1571; x_wconf 86' lang='lat' dir='ltr'><strong>praecedentium</strong></span> <span class='ocrx_word' id='word_1_80' title='bbox 588 1481 856 1579; x_wconf 76' lang='grc' dir='ltr'><strong><em>βαπτιζόμενοι</em></strong></span> <span class='ocrx_word' id='word_1_81' title='bbox 878 1496 912 1555; x_wconf 85' lang='lat' dir='ltr'><strong>ct</strong></span> <span class='ocrx_word' id='word_1_82' title='bbox 933 1488 1182 1578; x_wconf 72' lang='grc' dir='ltr'><strong><em>βαπτίζονται</em></strong></span> 
     </span>
     <span class='ocr_line' id='line_1_12' title="bbox 150 1601 1217 1688; baseline 0.008 -24"><span class='ocrx_word' id='word_1_83' title='bbox 150 1601 375 1666; x_wconf 86' lang='lat' dir='ltr'><strong>defendendae.</strong></span> <span class='ocrx_word' id='word_1_84' title='bbox 392 1603 593 1684; x_wconf 87' lang='lat' dir='ltr'><strong>Neutiquam</strong></span> <span class='ocrx_word' id='word_1_85' title='bbox 612 1603 714 1686; x_wconf 84' lang='lat' dir='ltr'><strong>igitur</strong></span> <span class='ocrx_word' id='word_1_86' title='bbox 732 1625 807 1667; x_wconf 90' lang='lat' dir='ltr'><strong>cum</strong></span> <span class='ocrx_word' id='word_1_87' title='bbox 827 1623 929 1667; x_wconf 76' lang='lat' dir='ltr'><strong>assio</strong></span> <span class='ocrx_word' id='word_1_88' title='bbox 945 1605 1083 1688; x_wconf 84' lang='lat' dir='ltr'><strong>aliisque</strong></span> <span class='ocrx_word' id='word_1_89' title='bbox 1098 1608 1180 1673; x_wconf 88' lang='lat' dir='ltr'><strong>scri-</strong></span> <span class='ocrx_word' id='word_1_90' title='bbox 1214 1640 1217 1647; x_wconf 96' lang='lat'>·</span> 
     </span>
     <span class='ocr_line' id='line_1_13' title="bbox 149 1715 1179 1802; baseline 0.007 -23"><span class='ocrx_word' id='word_1_91' title='bbox 149 1715 291 1780; x_wconf 88' lang='lat' dir='ltr'><strong>bendum</strong></span> <span class='ocrx_word' id='word_1_92' title='bbox 313 1722 375 1780; x_wconf 88' lang='lat' dir='ltr'><strong>est:</strong></span> <span class='ocrx_word' id='word_1_93' title='bbox 399 1736 568 1798; x_wconf 78' lang='lat' dir='ltr'><strong>meaeque</strong></span> <span class='ocrx_word' id='word_1_94' title='bbox 590 1723 680 1799; x_wconf 85' lang='lat' dir='ltr'><strong>atque</strong></span> <span class='ocrx_word' id='word_1_95' title='bbox 705 1720 839 1783; x_wconf 72' lang='lat' dir='ltr'><strong>mulae</strong></span> <span class='ocrx_word' id='word_1_96' title='bbox 863 1721 925 1796; x_wconf 85' lang='lat' dir='ltr'><strong>illi,</strong></span> <span class='ocrx_word' id='word_1_97' title='bbox 949 1740 1023 1802; x_wconf 81' lang='lat' dir='ltr'><strong>quoe</strong></span> <span class='ocrx_word' id='word_1_98' title='bbox 1045 1739 1179 1786; x_wconf 74' lang='lat' dir='ltr'><strong>comune·</strong></span> 
     </span>
     <span class='ocr_line' id='line_1_14' title="bbox 149 1827 1181 1906; baseline 0.005 -13"><span class='ocrx_word' id='word_1_99' title='bbox 149 1831 340 1893; x_wconf 81' lang='lat' dir='ltr'><strong>moravium.</strong></span> <span class='ocrx_word' id='word_1_100' title='bbox 353 1831 474 1906; x_wconf 90' lang='lat' dir='ltr'><strong>Immo,</strong></span> <span class='ocrx_word' id='word_1_101' title='bbox 488 1830 650 1894; x_wconf 86' lang='lat' dir='ltr'><strong>Particula</strong></span> <span class='ocrx_word' id='word_1_102' title='bbox 665 1827 725 1900; x_wconf 82' lang='grc' dir='ltr'><strong>καὶ</strong></span> <span class='ocrx_word' id='word_1_103' title='bbox 740 1852 815 1895; x_wconf 84' lang='lat' dir='ltr'><strong>omn</strong></span> <span class='ocrx_word' id='word_1_104' title='bbox 831 1832 939 1897; x_wconf 87' lang='lat' dir='ltr'><strong>Verbo</strong></span> <span class='ocrx_word' id='word_1_105' title='bbox 950 1827 1181 1906; x_wconf 71' lang='grc' dir='ltr'><strong><em>κινδυνεύο-</em></strong></span> 
     </span>
     <span class='ocr_line' id='line_1_15' title="bbox 149 1943 1178 2030; baseline 0.003 -19"><span class='ocrx_word' id='word_1_106' title='bbox 149 1966 220 2030; x_wconf 77' lang='grc' dir='ltr'><strong>μεν</strong></span> <span class='ocrx_word' id='word_1_107' title='bbox 243 1945 429 2021; x_wconf 90' lang='lat' dir='ltr'><strong>coniuncta,</strong></span> <span class='ocrx_word' id='word_1_108' title='bbox 449 1943 531 2008; x_wconf 88' lang='lat' dir='ltr'><strong>hanc</strong></span> <span class='ocrx_word' id='word_1_109' title='bbox 553 1950 697 2008; x_wconf 87' lang='lat' dir='ltr'><strong>mentem</strong></span> <span class='ocrx_word' id='word_1_110' title='bbox 720 1945 983 2011; x_wconf 72' lang='lat' dir='ltr'><strong>naunotribuere</strong></span> <span class='ocrx_word' id='word_1_111' title='bbox 1002 1947 1178 2013; x_wconf 75' lang='lat' dir='ltr'><strong>debemus:</strong></span> 
     </span>
     <span class='ocr_line' id='line_1_16' title="bbox 149 2057 1178 2141; baseline 0.007 -23"><span class='ocrx_word' id='word_1_112' title='bbox 149 2057 363 2140; x_wconf 78' lang='lat' dir='ltr'><strong>Nequidquam</strong></span> <span class='ocrx_word' id='word_1_113' title='bbox 381 2078 433 2140; x_wconf 88' lang='lat' dir='ltr'><strong>eqo</strong></span> <span class='ocrx_word' id='word_1_114' title='bbox 453 2060 567 2140; x_wconf 77' lang='lat' dir='ltr'><strong>meique</strong></span> <span class='ocrx_word' id='word_1_115' title='bbox 586 2059 739 2122; x_wconf 84' lang='lat' dir='ltr'><strong>adiutores</strong></span> <span class='ocrx_word' id='word_1_116' title='bbox 751 2061 893 2141; x_wconf 84' lang='lat' dir='ltr'><strong>pericula</strong></span> <span class='ocrx_word' id='word_1_117' title='bbox 915 2062 1007 2123; x_wconf 85' lang='lat' dir='ltr'><strong>etium</strong></span> <span class='ocrx_word' id='word_1_118' title='bbox 1028 2061 1178 2127; x_wconf 83' lang='lat' dir='ltr'><strong>subimus.</strong></span> 
     </span>
     <span class='ocr_line' id='line_1_17' title="bbox 150 2170 1178 2256; baseline 0.007 -23"><span class='ocrx_word' id='word_1_119' title='bbox 150 2170 431 2235; x_wconf 77' lang='lat' dir='ltr'><strong>Quemadmodum</strong></span> <span class='ocrx_word' id='word_1_120' title='bbox 459 2193 575 2255; x_wconf 91' lang='lat' dir='ltr'><strong>nempe</strong></span> <span class='ocrx_word' id='word_1_121' title='bbox 601 2172 679 2236; x_wconf 91' lang='lat' dir='ltr'><strong>haec</strong></span> <span class='ocrx_word' id='word_1_122' title='bbox 706 2173 883 2250; x_wconf 88' lang='lat' dir='ltr'><strong>Particula,</strong></span> <span class='ocrx_word' id='word_1_123' title='bbox 912 2173 1100 2256; x_wconf 89' lang='lat' dir='ltr'><strong>ubicunque</strong></span> <span class='ocrx_word' id='word_1_124' title='bbox 1124 2196 1178 2240; x_wconf 87' lang='lat' dir='ltr'><strong>re·</strong></span> 
     </span>
    </p>
   </div>
   <div class='ocr_carea' id='block_1_3' title="bbox 143 2471 1205 4417">
    <p class='ocr_par' dir='ltr' id='par_1_3' title="bbox 143 2471 1205 4417">
     <span class='ocr_line' id='line_1_18' title="bbox 186 2471 1179 2533; baseline 0.001 -12"><span class='ocrx_word' id='word_1_125' title='bbox 186 2474 206 2533; x_wconf 84' lang='grc' dir='ltr'><strong>ι)</strong></span> <span class='ocrx_word' id='word_1_126' title='bbox 224 2471 400 2530; x_wconf 83' lang='lat' dir='ltr'><strong>Exceptionem</strong></span> <span class='ocrx_word' id='word_1_127' title='bbox 424 2471 552 2518; x_wconf 84' lang='lat' dir='ltr'><strong>admittere</strong></span> <span class='ocrx_word' id='word_1_128' title='bbox 576 2486 625 2518; x_wconf 93' lang='lat' dir='ltr'><strong>non</strong></span> <span class='ocrx_word' id='word_1_129' title='bbox 648 2476 707 2531; x_wconf 91' lang='lat' dir='ltr'><strong>puto</strong></span> <span class='ocrx_word' id='word_1_130' title='bbox 732 2474 742 2517; x_wconf 95' lang='grc'>1</span> <span class='ocrx_word' id='word_1_131' title='bbox 771 2473 848 2519; x_wconf 82' lang='lat' dir='ltr'><strong>Tdeec.</strong></span> <span class='ocrx_word' id='word_1_132' title='bbox 873 2473 922 2520; x_wconf 89' lang='lat' dir='ltr'><strong>lIl:</strong></span> <span class='ocrx_word' id='word_1_133' title='bbox 948 2474 975 2529; x_wconf 94' lang='lat' dir='ltr'><strong>l,</strong></span> <span class='ocrx_word' id='word_1_134' title='bbox 997 2475 1025 2528; x_wconf 86' lang='lat'><strong>2,</strong></span> <span class='ocrx_word' id='word_1_135' title='bbox 1046 2471 1090 2520; x_wconf 91' lang='lat' dir='ltr'><strong>ubi</strong></span> <span class='ocrx_word' id='word_1_136' title='bbox 1112 2474 1179 2522; x_wconf 90' lang='lat' dir='ltr'><strong>nihil</strong></span> 
     </span>
     <span class='ocr_line' id='line_1_19' title="bbox 150 2542 1179 2613; baseline 0.004 -15"><span class='ocrx_word' id='word_1_137' title='bbox 150 2551 244 2607; x_wconf 85' lang='lat' dir='ltr'><strong>obstat,</strong></span> <span class='ocrx_word' id='word_1_138' title='bbox 260 2549 390 2611; x_wconf 87' lang='lat' dir='ltr'><strong>quominus</strong></span> <span class='ocrx_word' id='word_1_139' title='bbox 407 2549 482 2596; x_wconf 89' lang='lat' dir='ltr'><strong>verba</strong></span> <span class='ocrx_word' id='word_1_140' title='bbox 499 2542 668 2613; x_wconf 73' lang='grc' dir='ltr'><em>εὕδοκὴσαμεν</em></span> <span class='ocrx_word' id='word_1_141' title='bbox 684 2554 731 2598; x_wconf 83' lang='lat' dir='ltr'><strong>cet.</strong></span> <span class='ocrx_word' id='word_1_142' title='bbox 748 2550 910 2610; x_wconf 86' lang='lat' dir='ltr'><strong>explicemus:</strong></span> <span class='ocrx_word' id='word_1_143' title='bbox 926 2552 977 2613; x_wconf 82' lang='lat' dir='ltr'><strong>qu</strong></span> <span class='ocrx_word' id='word_1_144' title='bbox 992 2553 1018 2598; x_wconf 87' lang='lat' dir='ltr'><strong>et</strong></span> <span class='ocrx_word' id='word_1_145' title='bbox 1032 2565 1179 2602; x_wconf 71' lang='lat' dir='ltr'><strong>srnvenos</strong></span> 
     </span>
     <span class='ocr_line' id='line_1_20' title="bbox 151 2629 1179 2690; baseline 0.003 -12"><span class='ocrx_word' id='word_1_146' title='bbox 151 2632 268 2678; x_wconf 77' lang='lat' dir='ltr'><strong>noluimus</strong></span> <span class='ocrx_word' id='word_1_147' title='bbox 284 2630 388 2677; x_wconf 76' lang='lat' dir='ltr'><strong>Attenia</strong></span> <span class='ocrx_word' id='word_1_148' title='bbox 403 2631 456 2677; x_wconf 74' lang='lat' dir='ltr'><strong>cirre</strong></span> <span class='ocrx_word' id='word_1_149' title='bbox 472 2629 588 2676; x_wconf 82' lang='lat' dir='ltr'><strong>adiutore</strong></span> <span class='ocrx_word' id='word_1_150' title='bbox 604 2643 669 2686; x_wconf 80' lang='lat' dir='ltr'><strong>ecee,</strong></span> <span class='ocrx_word' id='word_1_151' title='bbox 687 2631 713 2676; x_wconf 82' lang='lat' dir='ltr'><strong>et</strong></span> <span class='ocrx_word' id='word_1_152' title='bbox 730 2630 840 2677; x_wconf 66' lang='lat' dir='ltr'><strong>meamus</strong></span> <span class='ocrx_word' id='word_1_153' title='bbox 860 2644 1041 2687; x_wconf 77' lang='lat' dir='ltr'><strong>ermerannus,</strong></span> <span class='ocrx_word' id='word_1_154' title='bbox 1054 2631 1179 2690; x_wconf 79' lang='lat' dir='ltr'><strong>fratrem</strong></span> 
     </span>
     <span class='ocr_line' id='line_1_21' title="bbox 151 2707 1205 2771; baseline 0.004 -15"><span class='ocrx_word' id='word_1_155' title='bbox 151 2712 262 2758; x_wconf 77' lang='lat' dir='ltr'><strong>uestrum</strong></span> <span class='ocrx_word' id='word_1_156' title='bbox 285 2713 332 2756; x_wconf 84' lang='lat' dir='ltr'><strong>cet.</strong></span> <span class='ocrx_word' id='word_1_157' title='bbox 354 2709 429 2764; x_wconf 86' lang='lat' dir='ltr'><strong>Nam,</strong></span> <span class='ocrx_word' id='word_1_158' title='bbox 451 2712 479 2755; x_wconf 92' lang='lat' dir='ltr'><strong>ut</strong></span> <span class='ocrx_word' id='word_1_159' title='bbox 498 2707 561 2755; x_wconf 89' lang='lat' dir='ltr'><strong>bene</strong></span> <span class='ocrx_word' id='word_1_160' title='bbox 585 2708 647 2756; x_wconf 90' lang='lat' dir='ltr'><strong>vidit</strong></span> <span class='ocrx_word' id='word_1_161' title='bbox 666 2723 803 2764; x_wconf 59' lang='lat' dir='ltr'><strong>uvnrrrus,</strong></span> <span class='ocrx_word' id='word_1_162' title='bbox 825 2723 922 2756; x_wconf 89' lang='lat' dir='ltr'><strong>sumere</strong></span> <span class='ocrx_word' id='word_1_163' title='bbox 943 2707 1052 2771; x_wconf 80' lang='lat' dir='ltr'><strong>cogimur</strong></span> <span class='ocrx_word' id='word_1_164' title='bbox 1074 2724 1176 2761; x_wconf 70' lang='lat' dir='ltr'><strong>srnvs-</strong></span> <span class='ocrx_word' id='word_1_165' title='bbox 1201 2730 1205 2735; x_wconf 93' lang='grc'><em>·</em></span> 
     </span>
     <span class='ocr_line' id='line_1_22' title="bbox 152 2787 1176 2850; baseline 0.002 -14"><span class='ocrx_word' id='word_1_166' title='bbox 152 2803 212 2837; x_wconf 77' lang='lat' dir='ltr'><strong>suu</strong></span> <span class='ocrx_word' id='word_1_167' title='bbox 234 2789 343 2835; x_wconf 79' lang='lat' dir='ltr'><strong>Athenae</strong></span> <span class='ocrx_word' id='word_1_168' title='bbox 362 2787 410 2834; x_wconf 89' lang='lat' dir='ltr'><strong>iam</strong></span> <span class='ocrx_word' id='word_1_169' title='bbox 432 2787 544 2844; x_wconf 88' lang='lat' dir='ltr'><strong>venisse,</strong></span> <span class='ocrx_word' id='word_1_170' title='bbox 565 2787 705 2848; x_wconf 86' lang='lat' dir='ltr'><strong>priusquam</strong></span> <span class='ocrx_word' id='word_1_171' title='bbox 727 2801 831 2834; x_wconf 76' lang='lat' dir='ltr'><strong>enonas</strong></span> <span class='ocrx_word' id='word_1_172' title='bbox 852 2787 899 2835; x_wconf 91' lang='lat' dir='ltr'><strong>hac</strong></span> <span class='ocrx_word' id='word_1_173' title='bbox 918 2787 978 2835; x_wconf 89' lang='lat' dir='ltr'><strong>urbe</strong></span> <span class='ocrx_word' id='word_1_174' title='bbox 998 2801 1111 2850; x_wconf 82' lang='lat' dir='ltr'><strong>egressus</strong></span> <span class='ocrx_word' id='word_1_175' title='bbox 1136 2805 1176 2839; x_wconf 88' lang='lat' dir='ltr'><strong>es·</strong></span> 
     </span>
     <span class='ocr_line' id='line_1_23' title="bbox 151 2856 1177 2926; baseline 0.004 -11"><span class='ocrx_word' id='word_1_176' title='bbox 151 2874 202 2926; x_wconf 84' lang='lat' dir='ltr'><strong>set,</strong></span> <span class='ocrx_word' id='word_1_177' title='bbox 226 2882 276 2914; x_wconf 91' lang='lat' dir='ltr'><strong>non</strong></span> <span class='ocrx_word' id='word_1_178' title='bbox 300 2881 358 2914; x_wconf 88' lang='lat' dir='ltr'><strong>vero</strong></span> <span class='ocrx_word' id='word_1_179' title='bbox 382 2866 413 2914; x_wconf 86' lang='lat' dir='ltr'><strong>ad</strong></span> <span class='ocrx_word' id='word_1_180' title='bbox 437 2856 494 2913; x_wconf 81' lang='lat' dir='ltr'><strong>enm</strong></span> <span class='ocrx_word' id='word_1_181' title='bbox 517 2865 617 2914; x_wconf 86' lang='lat' dir='ltr'><strong>rediisse</strong></span> <span class='ocrx_word' id='word_1_182' title='bbox 642 2867 754 2914; x_wconf 69' lang='lat' dir='ltr'><strong>Corinthi</strong></span> <span class='ocrx_word' id='word_1_183' title='bbox 775 2870 929 2923; x_wconf 89' lang='lat' dir='ltr'><strong>versantem,</strong></span> <span class='ocrx_word' id='word_1_184' title='bbox 954 2872 981 2915; x_wconf 87' lang='lat' dir='ltr'><strong>ut</strong></span> <span class='ocrx_word' id='word_1_185' title='bbox 1004 2881 1092 2916; x_wconf 77' lang='lat' dir='ltr'><strong>anons</strong></span> <span class='ocrx_word' id='word_1_186' title='bbox 1115 2871 1177 2919; x_wconf 86' lang='lat' dir='ltr'><strong>Act.</strong></span> 
     </span>
     <span class='ocr_line' id='line_1_24' title="bbox 152 2946 1178 3007; baseline 0.002 -12"><span class='ocrx_word' id='word_1_187' title='bbox 152 2947 248 2994; x_wconf 83' lang='lat' dir='ltr'>XVIII:</span> <span class='ocrx_word' id='word_1_188' title='bbox 274 2950 287 2993; x_wconf 86' lang='lat'>5</span> <span class='ocrx_word' id='word_1_189' title='bbox 312 2946 392 2992; x_wconf 88' lang='lat' dir='ltr'><strong>minus</strong></span> <span class='ocrx_word' id='word_1_190' title='bbox 419 2950 530 2992; x_wconf 86' lang='lat' dir='ltr'><strong>accurate</strong></span> <span class='ocrx_word' id='word_1_191' title='bbox 557 2950 647 2993; x_wconf 88' lang='lat' dir='ltr'><strong>narrat.</strong></span> <span class='ocrx_word' id='word_1_192' title='bbox 672 2947 817 3007; x_wconf 79' lang='lat' dir='ltr'><strong>Apostolum</strong></span> <span class='ocrx_word' id='word_1_193' title='bbox 845 2953 928 2994; x_wconf 87' lang='lat' dir='ltr'><strong>autem</strong></span> <span class='ocrx_word' id='word_1_194' title='bbox 954 2947 1046 2994; x_wconf 88' lang='lat' dir='ltr'><strong>Plurali</strong></span> <span class='ocrx_word' id='word_1_195' title='bbox 1071 2962 1124 2996; x_wconf 91' lang='lat' dir='ltr'><strong>non</strong></span> <span class='ocrx_word' id='word_1_196' title='bbox 1149 2963 1178 2998; x_wconf 85' lang='lat' dir='ltr'><strong>se</strong></span> 
     </span>
     <span class='ocr_line' id='line_1_25' title="bbox 150 3014 1176 3088; baseline 0.003 -15"><span class='ocrx_word' id='word_1_197' title='bbox 150 3041 228 3073; x_wconf 88' lang='lat' dir='ltr'><strong>unum</strong></span> <span class='ocrx_word' id='word_1_198' title='bbox 248 3025 407 3088; x_wconf 80' lang='lat' dir='ltr'><strong>significasse,</strong></span> <span class='ocrx_word' id='word_1_199' title='bbox 426 3025 553 3085; x_wconf 89' lang='lat' dir='ltr'><strong>perspicue</strong></span> <span class='ocrx_word' id='word_1_200' title='bbox 573 3024 733 3087; x_wconf 83' lang='lat' dir='ltr'><strong>intelligimus</strong></span> <span class='ocrx_word' id='word_1_201' title='bbox 752 3014 781 3073; x_wconf 84' lang='lat' dir='ltr'><strong>ex</strong></span> <span class='ocrx_word' id='word_1_202' title='bbox 800 3025 858 3086; x_wconf 88' lang='lat' dir='ltr'><strong>Cap.</strong></span> <span class='ocrx_word' id='word_1_203' title='bbox 878 3026 901 3072; x_wconf 85' lang='lat' dir='ltr'><strong>l:</strong></span> <span class='ocrx_word' id='word_1_204' title='bbox 921 3027 950 3082; x_wconf 90' lang='lat'><strong>8,</strong></span> <span class='ocrx_word' id='word_1_205' title='bbox 970 3027 993 3073; x_wconf 88' lang='grc'><strong>9.</strong></span> <span class='ocrx_word' id='word_1_206' title='bbox 1007 3025 1052 3073; x_wconf 39' lang='lat' dir='ltr'><strong>vll:</strong></span> <span class='ocrx_word' id='word_1_207' title='bbox 1072 3028 1104 3084; x_wconf 88' lang='lat'><strong>2,</strong></span> <span class='ocrx_word' id='word_1_208' title='bbox 1127 3028 1176 3087; x_wconf 87' lang='lat'><strong>18,</strong></span> 
     </span>
     <span class='ocr_line' id='line_1_26' title="bbox 152 3099 1178 3171; baseline 0.003 -19"><span class='ocrx_word' id='word_1_209' title='bbox 152 3105 192 3153; x_wconf 88' lang='lat' dir='ltr'><strong>ubi</strong></span> <span class='ocrx_word' id='word_1_210' title='bbox 210 3119 235 3152; x_wconf 90' lang='lat' dir='ltr'><strong>se</strong></span> <span class='ocrx_word' id='word_1_211' title='bbox 253 3103 284 3152; x_wconf 89' lang='lat' dir='ltr'><strong>ab</strong></span> <span class='ocrx_word' id='word_1_212' title='bbox 300 3102 450 3152; x_wconf 89' lang='lat' dir='ltr'><strong>adiutoribus</strong></span> <span class='ocrx_word' id='word_1_213' title='bbox 468 3103 574 3167; x_wconf 74' lang='lat' dir='ltr'><strong>suisvel</strong></span> <span class='ocrx_word' id='word_1_214' title='bbox 592 3118 641 3151; x_wconf 91' lang='lat' dir='ltr'><strong>uno</strong></span> <span class='ocrx_word' id='word_1_215' title='bbox 659 3108 726 3152; x_wconf 88' lang='lat' dir='ltr'><strong>certe</strong></span> <span class='ocrx_word' id='word_1_216' title='bbox 741 3118 825 3151; x_wconf 91' lang='lat' dir='ltr'><strong>eorum</strong></span> <span class='ocrx_word' id='word_1_217' title='bbox 840 3103 950 3151; x_wconf 83' lang='lat' dir='ltr'><strong>distinxit</strong></span> <span class='ocrx_word' id='word_1_218' title='bbox 964 3103 1044 3152; x_wconf 90' lang='lat' dir='ltr'><strong>verbis</strong></span> <span class='ocrx_word' id='word_1_219' title='bbox 1060 3099 1110 3170; x_wconf 74' lang='grc' dir='ltr'><strong>ἐγώ</strong></span> <span class='ocrx_word' id='word_1_220' title='bbox 1123 3106 1178 3171; x_wconf 66' lang='grc' dir='ltr'><strong>μὲν</strong></span> 
     </span>
     <span class='ocr_line' id='line_1_27' title="bbox 150 3174 1176 3246; baseline 0.003 -14"><span class='ocrx_word' id='word_1_221' title='bbox 150 3180 263 3246; x_wconf 78' lang='grc' dir='ltr'><em>Παῦλος,</em></span> <span class='ocrx_word' id='word_1_222' title='bbox 282 3183 426 3245; x_wconf 82' lang='lat' dir='ltr'><strong>quibuscum</strong></span> <span class='ocrx_word' id='word_1_223' title='bbox 445 3182 548 3232; x_wconf 80' lang='lat' dir='ltr'><strong>fortasse</strong></span> <span class='ocrx_word' id='word_1_224' title='bbox 565 3183 692 3244; x_wconf 88' lang='lat' dir='ltr'><strong>sequentia</strong></span> <span class='ocrx_word' id='word_1_225' title='bbox 710 3184 753 3231; x_wconf 84' lang='grc' dir='ltr'><strong>καὶ</strong></span> <span class='ocrx_word' id='word_1_226' title='bbox 771 3174 839 3239; x_wconf 70' lang='grc' dir='ltr'><strong>ἅπαξ</strong></span> <span class='ocrx_word' id='word_1_227' title='bbox 856 3183 899 3230; x_wconf 80' lang='grc' dir='ltr'><strong>καὶ</strong></span> <span class='ocrx_word' id='word_1_228' title='bbox 918 3179 956 3237; x_wconf 81' lang='grc' dir='ltr'><strong>δίς</strong></span> <span class='ocrx_word' id='word_1_229' title='bbox 975 3188 1025 3230; x_wconf 85' lang='lat' dir='ltr'><strong>tam</strong></span> <span class='ocrx_word' id='word_1_230' title='bbox 1043 3188 1113 3233; x_wconf 86' lang='lat' dir='ltr'><strong>arcte</strong></span> <span class='ocrx_word' id='word_1_231' title='bbox 1131 3198 1176 3235; x_wconf 85' lang='lat' dir='ltr'><strong>oo·</strong></span> 
     </span>
     <span class='ocr_line' id='line_1_28' title="bbox 150 3261 1174 3323; baseline 0.002 -12"><span class='ocrx_word' id='word_1_232' title='bbox 150 3264 266 3321; x_wconf 86' lang='lat' dir='ltr'><strong>haerent,</strong></span> <span class='ocrx_word' id='word_1_233' title='bbox 287 3268 315 3310; x_wconf 91' lang='lat' dir='ltr'><strong>ut</strong></span> <span class='ocrx_word' id='word_1_234' title='bbox 338 3263 399 3310; x_wconf 88' lang='lat' dir='ltr'><strong>hacc</strong></span> <span class='ocrx_word' id='word_1_235' title='bbox 422 3276 499 3323; x_wconf 89' lang='lat' dir='ltr'><strong>acque</strong></span> <span class='ocrx_word' id='word_1_236' title='bbox 520 3267 592 3323; x_wconf 86' lang='lat' dir='ltr'><strong>atque</strong></span> <span class='ocrx_word' id='word_1_237' title='bbox 612 3261 656 3309; x_wconf 92' lang='lat' dir='ltr'><strong>illa</strong></span> <span class='ocrx_word' id='word_1_238' title='bbox 676 3263 701 3309; x_wconf 93' lang='lat' dir='ltr'><strong>in</strong></span> <span class='ocrx_word' id='word_1_239' title='bbox 722 3261 865 3310; x_wconf 87' lang='lat' dir='ltr'><strong>Parenthesi</strong></span> <span class='ocrx_word' id='word_1_240' title='bbox 885 3261 999 3322; x_wconf 87' lang='lat' dir='ltr'><strong>ponenda</strong></span> <span class='ocrx_word' id='word_1_241' title='bbox 1019 3268 1044 3309; x_wconf 88' lang='lat' dir='ltr'><strong>et</strong></span> <span class='ocrx_word' id='word_1_242' title='bbox 1066 3262 1174 3313; x_wconf 90' lang='lat' dir='ltr'><strong>coniun-</strong></span> 
     </span>
     <span class='ocr_line' id='line_1_29' title="bbox 151 3341 1176 3402; baseline 0.001 -12"><span class='ocrx_word' id='word_1_243' title='bbox 151 3342 209 3390; x_wconf 87' lang='lat' dir='ltr'><strong>ctim</strong></span> <span class='ocrx_word' id='word_1_244' title='bbox 230 3342 373 3402; x_wconf 85' lang='lat' dir='ltr'><strong>explicanda</strong></span> <span class='ocrx_word' id='word_1_245' title='bbox 393 3342 452 3390; x_wconf 89' lang='lat' dir='ltr'><strong>sint:</strong></span> <span class='ocrx_word' id='word_1_246' title='bbox 472 3357 522 3398; x_wconf 86' lang='lat' dir='ltr'><strong>me,</strong></span> <span class='ocrx_word' id='word_1_247' title='bbox 541 3355 671 3398; x_wconf 74' lang='lat' dir='ltr'><strong>enorum,</strong></span> <span class='ocrx_word' id='word_1_248' title='bbox 689 3341 755 3402; x_wconf 88' lang='lat' dir='ltr'><strong>quod</strong></span> <span class='ocrx_word' id='word_1_249' title='bbox 774 3341 880 3398; x_wconf 77' lang='lat' dir='ltr'><strong>attinet,</strong></span> <span class='ocrx_word' id='word_1_250' title='bbox 898 3341 943 3388; x_wconf 82' lang='lat' dir='ltr'><strong>doc</strong></span> <span class='ocrx_word' id='word_1_251' title='bbox 959 3341 1010 3401; x_wconf 80' lang='lat' dir='ltr'><strong>ipse</strong></span> <span class='ocrx_word' id='word_1_252' title='bbox 1027 3354 1077 3388; x_wconf 81' lang='lat' dir='ltr'><strong>nou</strong></span> <span class='ocrx_word' id='word_1_253' title='bbox 1093 3344 1176 3391; x_wconf 71' lang='lat' dir='ltr'><strong>achim</strong></span> 
     </span>
     <span class='ocr_line' id='line_1_30' title="bbox 150 3419 1174 3482; baseline 0.002 -13"><span class='ocrx_word' id='word_1_254' title='bbox 150 3425 236 3477; x_wconf 82' lang='lat' dir='ltr'><strong>semel,</strong></span> <span class='ocrx_word' id='word_1_255' title='bbox 257 3423 300 3469; x_wconf 81' lang='lat' dir='ltr'><strong>ced</strong></span> <span class='ocrx_word' id='word_1_256' title='bbox 322 3423 358 3469; x_wconf 82' lang='lat' dir='ltr'><strong>die</strong></span> <span class='ocrx_word' id='word_1_257' title='bbox 380 3422 438 3468; x_wconf 83' lang='lat' dir='ltr'><strong>midi</strong></span> <span class='ocrx_word' id='word_1_258' title='bbox 456 3421 583 3482; x_wconf 77' lang='lat' dir='ltr'><strong>proposui.</strong></span> <span class='ocrx_word' id='word_1_259' title='bbox 607 3420 653 3468; x_wconf 82' lang='lat' dir='ltr'><strong>Cff.</strong></span> <span class='ocrx_word' id='word_1_260' title='bbox 675 3419 733 3467; x_wconf 79' lang='lat' dir='ltr'><strong>Act.</strong></span> <span class='ocrx_word' id='word_1_261' title='bbox 755 3421 826 3469; x_wconf 86' lang='lat' dir='ltr'>XVI:</span> <span class='ocrx_word' id='word_1_262' title='bbox 847 3421 877 3468; x_wconf 87' lang='grc'><strong>19</strong></span> <span class='ocrx_word' id='word_1_263' title='bbox 897 3433 950 3480; x_wconf 90' lang='lat' dir='ltr'><strong>sqq.</strong></span> <span class='ocrx_word' id='word_1_264' title='bbox 972 3420 1059 3468; x_wconf 85' lang='lat' dir='ltr'>XVII:</span> <span class='ocrx_word' id='word_1_265' title='bbox 1078 3424 1109 3478; x_wconf 77' lang='lat'><strong>4,</strong></span> <span class='ocrx_word' id='word_1_266' title='bbox 1133 3423 1174 3471; x_wconf 81' lang='grc'>10.</span> 
     </span>
     <span class='ocr_line' id='line_1_31' title="bbox 152 3498 1174 3563; baseline 0.002 -15"><span class='ocrx_word' id='word_1_267' title='bbox 152 3500 346 3563; x_wconf 80' lang='lat' dir='ltr'><strong>Repugnantiam</strong></span> <span class='ocrx_word' id='word_1_268' title='bbox 364 3501 533 3548; x_wconf 76' lang='lat' dir='ltr'><strong>internubes</strong></span> <span class='ocrx_word' id='word_1_269' title='bbox 552 3504 578 3547; x_wconf 89' lang='lat' dir='ltr'><strong>ct</strong></span> <span class='ocrx_word' id='word_1_270' title='bbox 596 3514 678 3546; x_wconf 77' lang='lat' dir='ltr'><strong>enum</strong></span> <span class='ocrx_word' id='word_1_271' title='bbox 696 3499 862 3557; x_wconf 85' lang='lat' dir='ltr'><strong>narrationes,</strong></span> <span class='ocrx_word' id='word_1_272' title='bbox 880 3498 951 3556; x_wconf 89' lang='lat' dir='ltr'><strong>vide,</strong></span> <span class='ocrx_word' id='word_1_273' title='bbox 969 3513 1001 3546; x_wconf 90' lang='lat' dir='ltr'><strong>an</strong></span> <span class='ocrx_word' id='word_1_274' title='bbox 1020 3500 1111 3548; x_wconf 88' lang='lat' dir='ltr'><strong>tollere</strong></span> <span class='ocrx_word' id='word_1_275' title='bbox 1132 3502 1174 3550; x_wconf 86' lang='lat' dir='ltr'><strong>vel</strong></span> 
     </span>
     <span class='ocr_line' id='line_1_32' title="bbox 150 3577 1172 3638; baseline 0.002 -12"><span class='ocrx_word' id='word_1_276' title='bbox 150 3580 294 3626; x_wconf 86' lang='lat' dir='ltr'><strong>imminuere</strong></span> <span class='ocrx_word' id='word_1_277' title='bbox 315 3579 434 3638; x_wconf 88' lang='lat' dir='ltr'><strong>possimus</strong></span> <span class='ocrx_word' id='word_1_278' title='bbox 455 3577 630 3636; x_wconf 83' lang='lat' dir='ltr'><strong>existimando,</strong></span> <span class='ocrx_word' id='word_1_279' title='bbox 651 3577 730 3625; x_wconf 91' lang='lat' dir='ltr'><strong>solum</strong></span> <span class='ocrx_word' id='word_1_280' title='bbox 756 3592 902 3625; x_wconf 77' lang='lat' dir='ltr'><strong>sravnnum</strong></span> <span class='ocrx_word' id='word_1_281' title='bbox 926 3578 1037 3625; x_wconf 75' lang='lat' dir='ltr'><strong>Athenae</strong></span> <span class='ocrx_word' id='word_1_282' title='bbox 1057 3578 1172 3637; x_wconf 87' lang='lat' dir='ltr'><strong>venisse,</strong></span> 
     </span>
     <span class='ocr_line' id='line_1_33' title="bbox 151 3656 1172 3719; baseline 0.001 -13"><span class='ocrx_word' id='word_1_283' title='bbox 151 3673 226 3719; x_wconf 89' lang='lat' dir='ltr'><strong>quum</strong></span> <span class='ocrx_word' id='word_1_284' title='bbox 245 3671 350 3705; x_wconf 80' lang='lat' dir='ltr'><strong>enonas</strong></span> <span class='ocrx_word' id='word_1_285' title='bbox 371 3656 405 3705; x_wconf 92' lang='lat' dir='ltr'><strong>ibi</strong></span> <span class='ocrx_word' id='word_1_286' title='bbox 427 3662 632 3712; x_wconf 65' lang='lat' dir='ltr'><strong>commorandum</strong></span> <span class='ocrx_word' id='word_1_287' title='bbox 652 3662 784 3718; x_wconf 86' lang='lat' dir='ltr'><strong>utrumque</strong></span> <span class='ocrx_word' id='word_1_288' title='bbox 807 3657 851 3704; x_wconf 92' lang='lat' dir='ltr'><strong>illa</strong></span> <span class='ocrx_word' id='word_1_289' title='bbox 875 3671 905 3705; x_wconf 86' lang='lat' dir='ltr'><strong>ex</strong></span> <span class='ocrx_word' id='word_1_290' title='bbox 927 3657 988 3704; x_wconf 88' lang='lat' dir='ltr'><strong>urbe</strong></span> <span class='ocrx_word' id='word_1_291' title='bbox 1012 3671 1172 3715; x_wconf 70' lang='lat' dir='ltr'><strong>ermonario,</strong></span> 
     </span>
     <span class='ocr_line' id='line_1_34' title="bbox 151 3735 1170 3800; baseline 0.003 -16"><span class='ocrx_word' id='word_1_292' title='bbox 151 3738 192 3800; x_wconf 88' lang='lat' dir='ltr'><strong>qui</strong></span> <span class='ocrx_word' id='word_1_293' title='bbox 211 3739 319 3784; x_wconf 79' lang='lat' dir='ltr'><strong>Beroeae</strong></span> <span class='ocrx_word' id='word_1_294' title='bbox 341 3735 483 3794; x_wconf 86' lang='lat' dir='ltr'><strong>mansisset,</strong></span> <span class='ocrx_word' id='word_1_295' title='bbox 504 3737 646 3793; x_wconf 88' lang='lat' dir='ltr'><strong>mandasse,</strong></span> <span class='ocrx_word' id='word_1_296' title='bbox 666 3742 694 3784; x_wconf 87' lang='lat' dir='ltr'><strong>ut</strong></span> <span class='ocrx_word' id='word_1_297' title='bbox 721 3737 915 3784; x_wconf 71' lang='lat' dir='ltr'><strong>Thessalonicam</strong></span> <span class='ocrx_word' id='word_1_298' title='bbox 934 3736 1067 3795; x_wconf 82' lang='lat' dir='ltr'><strong>reviseret3</strong></span> <span class='ocrx_word' id='word_1_299' title='bbox 1088 3751 1170 3787; x_wconf 80' lang='lat' dir='ltr'><strong>ruso·</strong></span> 
     </span>
     <span class='ocr_line' id='line_1_35' title="bbox 151 3815 1169 3877; baseline -0.001 -13"><span class='ocrx_word' id='word_1_300' title='bbox 151 3831 262 3873; x_wconf 75' lang='lat' dir='ltr'><strong>cneum,</strong></span> <span class='ocrx_word' id='word_1_301' title='bbox 279 3815 366 3863; x_wconf 89' lang='lat' dir='ltr'><strong>itinere</strong></span> <span class='ocrx_word' id='word_1_302' title='bbox 386 3819 499 3876; x_wconf 84' lang='lat' dir='ltr'><strong>peracto,</strong></span> <span class='ocrx_word' id='word_1_303' title='bbox 517 3815 548 3862; x_wconf 87' lang='lat' dir='ltr'><strong>ad</strong></span> <span class='ocrx_word' id='word_1_304' title='bbox 567 3829 680 3862; x_wconf 73' lang='lat' dir='ltr'><strong>euenum</strong></span> <span class='ocrx_word' id='word_1_305' title='bbox 699 3819 724 3863; x_wconf 91' lang='lat' dir='ltr'><strong>et</strong></span> <span class='ocrx_word' id='word_1_306' title='bbox 742 3829 888 3863; x_wconf 80' lang='lat' dir='ltr'><strong>srnvnnuu</strong></span> <span class='ocrx_word' id='word_1_307' title='bbox 905 3815 1020 3874; x_wconf 90' lang='lat' dir='ltr'><strong>rediisse,</strong></span> <span class='ocrx_word' id='word_1_308' title='bbox 1039 3820 1169 3877; x_wconf 88' lang='lat' dir='ltr'><strong>postquam</strong></span> 
     </span>
     <span class='ocr_line' id='line_1_36' title="bbox 143 3893 1169 3956; baseline -0.002 -13"><span class='ocrx_word' id='word_1_309' title='bbox 143 3897 254 3955; x_wconf 33' lang='lat' dir='ltr'><strong>,Atdem&#39;e</strong></span> <span class='ocrx_word' id='word_1_310' title='bbox 269 3894 317 3942; x_wconf 86' lang='lat' dir='ltr'><strong>iarn</strong></span> <span class='ocrx_word' id='word_1_311' title='bbox 338 3895 482 3942; x_wconf 76' lang='lat' dir='ltr'><strong>Corinthum</strong></span> <span class='ocrx_word' id='word_1_312' title='bbox 498 3894 601 3955; x_wconf 88' lang='lat' dir='ltr'><strong>profecti</strong></span> <span class='ocrx_word' id='word_1_313' title='bbox 619 3900 715 3952; x_wconf 87' lang='lat' dir='ltr'><strong>essent,</strong></span> <span class='ocrx_word' id='word_1_314' title='bbox 732 3893 809 3956; x_wconf 88' lang='lat' dir='ltr'><strong>iisque</strong></span> <span class='ocrx_word' id='word_1_315' title='bbox 831 3895 861 3942; x_wconf 89' lang='lat' dir='ltr'><strong>dc</strong></span> <span class='ocrx_word' id='word_1_316' title='bbox 880 3894 1039 3942; x_wconf 85' lang='lat' dir='ltr'><strong>sectatoribus</strong></span> <span class='ocrx_word' id='word_1_317' title='bbox 1057 3908 1169 3944; x_wconf 77' lang='lat' dir='ltr'><strong>cusrsrr</strong></span> 
     </span>
     <span class='ocr_line' id='line_1_37' title="bbox 151 3973 1169 4034; baseline -0.002 -11"><span class='ocrx_word' id='word_1_318' title='bbox 151 3973 407 4023; x_wconf 86' lang='lat' dir='ltr'><strong>Thessalonicensibus</strong></span> <span class='ocrx_word' id='word_1_319' title='bbox 427 3974 543 4021; x_wconf 90' lang='lat' dir='ltr'><strong>nuncium</strong></span> <span class='ocrx_word' id='word_1_320' title='bbox 564 3975 656 4022; x_wconf 84' lang='lat' dir='ltr'><strong>laetum</strong></span> <span class='ocrx_word' id='word_1_321' title='bbox 673 3973 795 4022; x_wconf 84' lang='lat' dir='ltr'><strong>attulisse:</strong></span> <span class='ocrx_word' id='word_1_322' title='bbox 814 3973 904 4021; x_wconf 90' lang='lat' dir='ltr'><strong>nuncio</strong></span> <span class='ocrx_word' id='word_1_323' title='bbox 922 3978 1023 4034; x_wconf 86' lang='lat' dir='ltr'><strong>accepto</strong></span> <span class='ocrx_word' id='word_1_324' title='bbox 1041 3973 1169 4021; x_wconf 89' lang='lat' dir='ltr'><strong>stimulum</strong></span> 
     </span>
     <span class='ocr_line' id='line_1_38' title="bbox 151 4050 1168 4111; baseline -0.002 -10"><span class='ocrx_word' id='word_1_325' title='bbox 151 4069 200 4101; x_wconf 90' lang='lat' dir='ltr'><strong>non</strong></span> <span class='ocrx_word' id='word_1_326' title='bbox 219 4055 297 4102; x_wconf 90' lang='lat' dir='ltr'><strong>solum</strong></span> <span class='ocrx_word' id='word_1_327' title='bbox 318 4067 420 4111; x_wconf 73' lang='lat' dir='ltr'><strong>annno,</strong></span> <span class='ocrx_word' id='word_1_328' title='bbox 438 4053 481 4100; x_wconf 88' lang='lat' dir='ltr'><strong>sed</strong></span> <span class='ocrx_word' id='word_1_329' title='bbox 500 4067 620 4100; x_wconf 78' lang='lat' dir='ltr'><strong>sravnno</strong></span> <span class='ocrx_word' id='word_1_330' title='bbox 640 4053 713 4100; x_wconf 85' lang='lat' dir='ltr'><strong>etiem</strong></span> <span class='ocrx_word' id='word_1_331' title='bbox 731 4053 852 4101; x_wconf 88' lang='lat' dir='ltr'><strong>adiectum</strong></span> <span class='ocrx_word' id='word_1_332' title='bbox 871 4067 923 4101; x_wconf 86' lang='lat' dir='ltr'><strong>esse</strong></span> <span class='ocrx_word' id='word_1_333' title='bbox 942 4058 1054 4100; x_wconf 80' lang='lat' dir='ltr'><strong>cnarsrr</strong></span> <span class='ocrx_word' id='word_1_334' title='bbox 1073 4050 1168 4100; x_wconf 84' lang='lat' dir='ltr'><strong>Iudaeis</strong></span> 
     </span>
     <span class='ocr_line' id='line_1_39' title="bbox 151 4131 1167 4193; baseline 0 -13"><span class='ocrx_word' id='word_1_335' title='bbox 151 4133 262 4180; x_wconf 86' lang='lat' dir='ltr'><strong>alacriter</strong></span> <span class='ocrx_word' id='word_1_336' title='bbox 272 4131 440 4192; x_wconf 87' lang='lat' dir='ltr'><strong>praedicandi;</strong></span> <span class='ocrx_word' id='word_1_337' title='bbox 451 4146 542 4180; x_wconf 74' lang='lat' dir='ltr'><strong>nocam</strong></span> <span class='ocrx_word' id='word_1_338' title='bbox 555 4146 614 4180; x_wconf 91' lang='lat' dir='ltr'><strong>vero</strong></span> <span class='ocrx_word' id='word_1_339' title='bbox 625 4133 789 4189; x_wconf 88' lang='lat' dir='ltr'><strong>nescientem,</strong></span> <span class='ocrx_word' id='word_1_340' title='bbox 800 4146 946 4180; x_wconf 79' lang='lat' dir='ltr'><strong>sinvnnuu</strong></span> <span class='ocrx_word' id='word_1_341' title='bbox 959 4132 1007 4179; x_wconf 88' lang='lat' dir='ltr'><strong>iam</strong></span> <span class='ocrx_word' id='word_1_342' title='bbox 1019 4131 1051 4179; x_wconf 90' lang='lat' dir='ltr'><strong>ad</strong></span> <span class='ocrx_word' id='word_1_343' title='bbox 1063 4133 1167 4193; x_wconf 81' lang='lat' dir='ltr'><strong>Aposto-</strong></span> 
     </span>
     <span class='ocr_line' id='line_1_40' title="bbox 151 4209 1165 4272; baseline -0.002 -13"><span class='ocrx_word' id='word_1_344' title='bbox 151 4215 202 4260; x_wconf 91' lang='lat' dir='ltr'><strong>lum</strong></span> <span class='ocrx_word' id='word_1_345' title='bbox 225 4225 350 4259; x_wconf 88' lang='lat' dir='ltr'><strong>reversum</strong></span> <span class='ocrx_word' id='word_1_346' title='bbox 374 4225 438 4268; x_wconf 89' lang='lat' dir='ltr'><strong>esse,</strong></span> <span class='ocrx_word' id='word_1_347' title='bbox 457 4211 597 4272; x_wconf 89' lang='lat' dir='ltr'><strong>priusquam</strong></span> <span class='ocrx_word' id='word_1_348' title='bbox 622 4212 725 4260; x_wconf 83' lang='lat' dir='ltr'><strong>Atlieuie</strong></span> <span class='ocrx_word' id='word_1_349' title='bbox 748 4211 859 4268; x_wconf 86' lang='lat' dir='ltr'><strong>abiisset,</strong></span> <span class='ocrx_word' id='word_1_350' title='bbox 880 4211 927 4258; x_wconf 91' lang='lat' dir='ltr'><strong>hoc</strong></span> <span class='ocrx_word' id='word_1_351' title='bbox 948 4212 994 4259; x_wconf 91' lang='lat' dir='ltr'><strong>soli</strong></span> <span class='ocrx_word' id='word_1_352' title='bbox 1014 4225 1104 4258; x_wconf 72' lang='lat' dir='ltr'><strong>enuno</strong></span> <span class='ocrx_word' id='word_1_353' title='bbox 1125 4209 1165 4258; x_wconf 89' lang='lat' dir='ltr'><strong>tri-</strong></span> 
     </span>
     <span class='ocr_line' id='line_1_41' title="bbox 150 4284 1166 4352; baseline -0.002 -14"><span class='ocrx_word' id='word_1_354' title='bbox 150 4292 230 4339; x_wconf 81' lang='lat' dir='ltr'><strong>buisse</strong></span> <span class='ocrx_word' id='word_1_355' title='bbox 251 4298 276 4338; x_wconf 84' lang='lat' dir='ltr'><strong>et</strong></span> <span class='ocrx_word' id='word_1_356' title='bbox 296 4291 429 4351; x_wconf 82' lang='lat' dir='ltr'><strong>scripsisse:</strong></span> <span class='ocrx_word' id='word_1_357' title='bbox 444 4286 487 4344; x_wconf 85' lang='grc' dir='ltr'><strong>Ὡς</strong></span> <span class='ocrx_word' id='word_1_358' title='bbox 508 4286 536 4338; x_wconf 76' lang='grc' dir='ltr'><strong>δὲ</strong></span> <span class='ocrx_word' id='word_1_359' title='bbox 554 4287 680 4352; x_wconf 71' lang='grc' dir='ltr'><strong>κατῆλθον</strong></span> <span class='ocrx_word' id='word_1_360' title='bbox 698 4284 750 4337; x_wconf 77' lang='lat' dir='ltr'><strong>dud</strong></span> <span class='ocrx_word' id='word_1_361' title='bbox 767 4286 809 4352; x_wconf 70' lang='grc' dir='ltr'><strong>τῆς</strong></span> <span class='ocrx_word' id='word_1_362' title='bbox 828 4285 993 4343; x_wconf 70' lang='grc' dir='ltr'><strong><em>Μακεδονίας</em></strong></span> <span class='ocrx_word' id='word_1_363' title='bbox 1012 4284 1027 4337; x_wconf 74' lang='grc' dir='ltr'>ὅ</span> <span class='ocrx_word' id='word_1_364' title='bbox 1045 4306 1072 4337; x_wconf 77' lang='lat' dir='ltr'><strong>rr</strong></span> <span class='ocrx_word' id='word_1_365' title='bbox 1088 4289 1166 4341; x_wconf 78' lang='grc' dir='ltr'><em>Σίλας</em></span> 
     </span>
     <span class='ocr_line' id='line_1_42' title="bbox 151 4363 381 4417; baseline -0.009 0"><span class='ocrx_word' id='word_1_366' title='bbox 151 4369 193 4417; x_wconf 76' lang='grc' dir='ltr'><strong>καὶ</strong></span> <span class='ocrx_word' id='word_1_367' title='bbox 213 4364 226 4417; x_wconf 82' lang='grc' dir='ltr'><em>ὃ</em></span> <span class='ocrx_word' id='word_1_368' title='bbox 250 4363 381 4416; x_wconf 68' lang='grc' dir='ltr'><em>Τιμόθεος.</em></span> 
     </span>
    </p>
   </div>
   <div class='ocr_carea' id='block_1_4' title="bbox 0 0 1332 4890">
    <p class='ocr_par' dir='ltr' id='par_1_4' title="bbox 0 0 1332 4890">
     <span class='ocr_line' id='line_1_43' title="bbox 0 0 1332 4890; baseline 0 0"><span class='ocrx_word' id='word_1_369' title='bbox 0 0 1332 4890; x_wconf 95' lang='lat' dir='ltr'><strong> </strong></span> 
     </span>
    </p>
   </div>
  </div>
 </body>
</html>
