2656 4890
147 284 211 346 256
588 300 729 353 mmcn's.

148 563 220 634 Καὶ
246 585 339 649 saepe
365 567 410 628 ita
437 573 622 650 usurpatur,
653 575 690 632 ut
717 570 768 632 in-

192 677 400 760 telligendum
422 678 464 742 sit
486 671 574 749 τότε.
666 733 672 743 .
763 734 769 744 .

148 787 219 861 Καὶ
255 793 363 862 τοῦτο
393 792 429 854 in
455 793 600 857 oratione
625 795 767 858 animata

190 903 434 988 intelligendum
436 957 771 970 .....

148 1016 348 1088 Καλεῖσθαι
373 1020 512 1103 positum
538 1040 605 1084 non
632 1026 680 1084 est
709 1041 766 1104 pro

191 1124 290 1202 εἶναι.
376 1184 382 1194 .
472 1184 478 1194 .

147 1236 250 1315 Κατὰ
278 1237 499 1337 ἄνθρωπον,
529 1265 611 1310 more
632 1250 770 1311 humano.
861 1299 867 1310 .

147 1349 259 1437 Κενός
284 1379 350 1421 non
375 1359 532 1442 significat
546 1360 683 1441 falsam,
705 1381 762 1425 ne-

190 1491 253 1552 que
281 1472 428 1548 inutilem,
459 1471 515 1536 sed
543 1492 661 1537 venum.
761 1524 766 1536 .
858 1525 864 1537 .

147 1584 325 1676 Κέντρον,
373 1586 622 1651 instrumentum
683 1609 763 1671 pun-

190 1719 266 1780 gens
269 1749 762 1763 ......

146 1803 358 1900 Κοιμάομαι
383 1833 448 1874 non
475 1813 580 1896 ipsum
606 1815 764 1895 placidam
817 1813 820 1818 ’

189 1930 324 1988 mortem
336 1924 500 2007 significat.
565 1977 571 1987 .
662 1979 668 1988 .
760 1979 765 1990 .

145 2028 294 2107 Κοπιᾶω
325 2037 402 2118 quid
434 2037 572 2101 denotet.
663 2091 668 2101 .
760 2091 766 2103 .

146 2142 280 2236 Κόπος,
312 2152 397 2214 labor
429 2154 573 2216 molestus.
665 2205 670 2215 .
761 2206 766 2216 .

144 2257 276 2355 Κύριος
321 2256 372 2353 (ὃ)
407 2264 446 2329 de
480 2285 637 2343 emuswo,
671 2268 761 2350 regni

187 2378 298 2441 Divini
328 2378 476 2462 prinoipe.
568 2430 573 2441 .
665 2431 670 2441 .
761 2431 766 2442 .

144 2474 282 2584 Κύρισξ
306 2499 339 2555 et
367 2483 387 2559 ὃ
419 2484 551 2584 Κύριος
581 2492 620 2555 de
642 2494 706 2555 Deo
730 2500 762 2556 et

188 2625 329 2668 cnmseo
332 2656 762 2667 ......

141 2737 197 2820 nep
216 2718 255 2782 de
272 2719 486 2782 instrumento
497 2723 665 2801 pungente.
757 2770 762 2780 .

142 2824 264 2920 Λόγος
306 2824 372 2919 (ὃ),
410 2834 536 2914 effatum
569 2832 618 2895 vel
652 2850 761 2894 oracu-

185 2948 247 3008 lum
258 2947 296 3008 V.
309 2947 343 3008 Τ.
364 2951 396 3008 et
414 2945 543 3027 quidem
563 2965 680 3007 tenum⁴
756 2995 761 3007 .

141 3059 281 3121 Maccab.
305 3061 350 3139 (2)
372 3058 415 3121 X:
437 3060 488 3120 38.
560 3110 566 3120 .
658 3109 663 3119 .

142 3172 280 3242 Meum
317 3171 388 3254 plus
427 3170 557 3234 denotet
598 3191 693 3252 quam
727 3173 760 3233 in

183 3287 247 3348 vita
281 3286 469 3366 superstitem
498 3305 566 3348 esse.
658 3335 663 3346 .
755 3336 760 3346 .

141 3399 329 3480 Metonymia
362 3397 556 3462 continentis
590 3417 646 3480 pro
684 3416 759 3461 con-

184 3515 275 3576 tento
278 3561 763 3574 ......

140 3616 208 3714 Μὴ
227 3623 440 3696 πλανᾶσθε.
468 3625 575 3688 Huius
601 3623 757 3688 formulae

182 3738 229 3801 vis
263 3739 439 3822 singularis,
556 3775 575 3799 .<
655 3789 660 3798 .
752 3789 757 3800 .

139 3844 372 3944 Μυσῑήριον,
409 3870 556 3914 areanum
584 3850 753 3914 hominibus

182 3967 364 4049 incomitum
366 4015 761 4028 .....

57 4221 60 4224 ’
137 4193 377 4268 Nominativum,
409 4212 472 4272 quo
495 4192 567 4273 quis
589 4190 758 4277 compelle·

182 4304 604 4387 .t11r,A1eieuluspraecedit.
656 4356 662 4367 .
754 4331 781 4367 .·

1023 485 1081 547 Peg.

837 720 869 746 1.
961 688 1087 750 .223.

863 959 868 970 .
959 913 1083 974 .220.

859 1186 866 1199 .
953 1139 1009 1215 53,
1033 1141 1085 1201 54.

957 1298 964 1312 .
1012 1252 1085 1314 151.

955 1527 961 1538 .
1032 1475 1083 1541 70.

856 1753 862 1763 .
954 1754 959 1764 .
1006 1705 1072 1767 234
1094 1726 1164 1787 sqq.

858 1980 864 1991 .
949 1932 1006 2007 42,
1029 1934 1082 1994 43.

858 2093 863 2103 .
955 2094 961 2105 .
1030 2045 1082 2107 56.

858 2207 864 2217 .
955 2207 961 2217 .
1007 2159 1081 2220 247.

858 2432 863 2444 .
954 2433 959 2445 .
1006 2385 1079 2445 201.

854 2658 859 2668 .
905 2608 983 2683 246,
1006 2610 1081 2670 247.

854 2770 859 2780 .
951 2771 956 2781 .
1003 2722 1078 2783 236.

853 2996 858 3007 .
950 2996 954 3007 .
1001 2947 1078 3008 228.

852 3110 858 3120 .
950 3109 956 3120 .
1003 3061 1078 3122 242.

852 3336 858 3346 .
944 3287 1001 3359 41,
1025 3287 1078 3347 42.

855 3561 860 3572 .
925 3549 958 3572 ·.
1005 3513 1080 3574 228.
1175 3586 1178 3592 ,

849 3789 854 3799 .
903 3739 1079 3813 155,156.

853 4015 857 4025 .
950 4013 956 4024 .
1003 3966 1078 4027 214.

138 4079 267 4161 Neqatio
297 4078 442 4142 absoluta
465 4100 506 4141 an
529 4097 587 4162 pro
610 4077 783 4141 relative?·
850 4128 856 4139 .

948 4127 953 4139 .
1020 4079 1066 4140 57
1090 4099 1160 4162 sqq.

851 4355 856 4365 .
905 4305 981 4382 165,
1008 4305 1080 4368 166.
