2656 4890
158 126 222 204 114
446 150 718 201 rsrnrrnrrsrro
738 154 832 199 rurs.
856 136 907 198 25.

156 320 256 392 erant.
272 318 399 410 'Neque'
417 323 512 403 ind'e5
527 323 615 407 quod
637 325 821 388 Pronomen
842 314 959 395 αὐτοῦ
976 325 1041 407 pto
1059 313 1180 394 mittit?

155 434 416 504 substituendum
435 444 502 516 est,
520 436 879 520 sequitur,'oratione1n
900 438 1001 501 Dema
1018 438 1180 520 spectare,

155 558 384 619 utnurmaus
410 557 443 616 et
468 570 618 614 wnrmns
643 557 730 615 reete
755 555 952 614 monuerunt
979 552 1016 632 ¹).
1041 549 1078 614 Si
1104 549 1181 633 quis

152 650 511 750 autemargumenturd
532 664 633 728 sumit
655 684 695 728 ex
715 685 794 728 vers.
813 666 871 742 27,
890 663 947 728 ubi
965 662 1063 728 verbo
1084 653 1180 735 ἐστέ·-

153 780 277 867 ταξείκ,
301 778 446 842 omnium
469 780 643 865 consensu,
665 779 750 842 Deae
772 777 957 855 denotatur,
979 780 1179 841 adeersum

153 892 279 971 dosunt,
296 890 332 955 in
354 890 546 956 contrariam
569 896 694 976 partem
716 890 872 975 disputari
895 912 995 975 posse.
1017 891 1083 955 Sed
1105 910 1178 975 grs-

66 1074 70 1081 ,
153 1007 225 1070 rius
254 1011 455 1069 momentum
480 1005 557 1068 huie
581 1004 839 1088 interpretationi
865 1004 1028 1081 adiicitur,
1056 1004 1086 1067 si
1111 1003 1178 1067 for*

154 1118 275 1197 mulae,
291 1139 329 1183 ex
348 1119 468 1183 Poetae
487 1119 629 1182 carmine
646 1119 780 1202 petitae,
796 1121 875 1182 hacc
893 1117 929 1180 in
946 1119 1043 1181 Novo
1061 1118 1176 1181 Testa·

154 1237 265 1297 mento
280 1238 462 1297 constantem
476 1253 566 1296 asum
580 1252 650 1296 esse
664 1231 962 1308 animadvertimus,
973 1236 1013 1294 ut
1024 1230 1067 1294 ad
1076 1230 1179 1295 Dm

153 1347 322 1425 reseratum
345 1345 553 1429 quamobrem
577 1345 673 1409 Hedr.
698 1342 743 1408 X:
768 1347 810 1408 13
835 1343 973 1428 legimus
994 1342 1176 1431 τεθῶσιν,

153 1460 241 1543 quod
269 1460 368 1524 etiam
397 1458 619 1544 praecedentia
647 1449 689 1528 τὸ
715 1449 844 1529 λοιπὸν
869 1450 1111 1549 ἐκδεχόμενος
1133 1457 1177 1523 ad

153 1591 329 1637 cuarsrms
352 1573 471 1638 referre
492 1576 611 1638 vetant.
635 1572 724 1636 Hine
739 1592 862 1655 nempe
883 1571 1067 1655 cogendum
1088 1570 1179 1636 vide·

152 1693 222 1764 tur,
244 1690 387 1750 rinnon
412 1688 474 1752 hoe
499 1686 585 1764 Ioco,
609 1707 711 1769 quum
730 1704 855 1749 morem
878 1706 937 1749 suo
959 1691 1106 1768 tempore
1121 1662 1180 1750 're-

154 1807 282 1884 ceptum
301 1806 499 1884 sequeretur,
516 1799 577 1864 sibi
591 1819 768 1885 proponere
781 1819 849 1863 non
866 1798 1012 1882 potuisse
1025 1798 1184 1877 lectores,

154 1910 270 1997 quibus
285 1915 546 1979 commemoratio
565 1926 702 1976 cnsrsrr
720 1914 756 1976 in
775 1913 874 1997 priori
892 1892 1037 1977 membro
1057 1911 1185 1977 oratio·-

152 2048 228 2092 nem
245 2027 371 2109 ¹faceret·
384 2027 576 2111 ambiguam.
596 2025 737 2091 Probata
754 2032 864 2090 autem
882 2025 1057 2103 sententia,
1076 2027 1189 2090 Deum

153 2138 207 2204 hie
229 2140 421 2225 praedicari,
446 2140 534 2219 vide,
561 2144 760 2225 quantopere
785 2140 992 2204 confirmetur
1015 2139 1065 2216 id,
1088 2137 1191 2223 quod

154 2274 251 2337 supra
272 2254 460 2332 sumsimus,
479 2254 619 2318 eundem
637 2253 735 2319 etiam
752 2253 928 2337 praedicari
946 2252 1065 2318 verbis:
1083 2244 1191 2324 ὅταν

152 2359 363 2461 καταργήσῃ
380 2372 440 2431 cet.
456 2367 511 2431 Sic
529 2368 616 2431 enim
634 2365 777 2431 versibus
797 2369 840 2430 24
861 2372 893 2431 et
908 2370 950 2431 25
967 2367 1032 2430 duo
1046 2367 1190 2447 insama

154 2502 236 2563 quae
258 2479 319 2545 sihi
342 2481 467 2565 egregie
483 2480 710 2565 respondeant:
730 2481 883 2558 aiterum,
903 2480 991 2564 quod
1009 2470 1192 2543 cneum

152 2592 325 2677 aliquando
351 2595 446 2658 faciet
471 2601 506 2659 et
529 2595 614 2658 Deua
638 2599 734 2658 antea
758 2594 885 2673 fecerit3
911 2594 1066 2672 aiterum-,-
1088 2591 1196 2677 queri

153 2720 315 2796 cnnrsros
342 2707 491 2792 deinceps
516 2708 621 2772 facere
647 2706 742 2773 debet
764 2713 798 2772 et
819 2709 904 2772 Deus
925 2707 1196 2773 interm-iaetu·-

152 2840 207 2884 rus
230 2827 287 2885 est.
325 2824 328 2831 '
1074 2854 1077 2859 ·
1185 2852 1189 2857 ·

195 2933 274 2998 Plus
296 2954 363 2998 uno
385 2934 517 2999 nomine
538 2933 755 2998 verbereum
776 2954 795 2997 a
814 2934 917 2999 verbis
940 2930 1098 2998 differunt
1121 2935 1196 2999 In*

151 3049 297 3132 terpretis
326 3048 551 3126 Alexandrini,
581 3048 636 3131 qui
670 3047 820 3112 Hebraea
853 3046 991 3111 fideliter
1020 3047 1196 3114 reddidit*

151 3163 327 3245 Apostolus
350 3164 437 3227 enim
461 3182 529 3226 non
550 3162 656 3225 solum
678 3160 852 3224 secundam
874 3180 1045 3244 personam
1066 3166 1197 3225 mute?

150 3275 198 3338 vit
219 3275 255 3338 in
276 3276 418 3354 tertiam,
438 3272 495 3339 sed
517 3296 575 3360 pro
596 3266 802 3345 ὑποπόδιον
823 3274 900 3344 τῶν
921 3269 1066 3360 ποδῶν)
1084 3268 1199 3357 quod

149 3385 293 3470 plerique
314 3389 403 3451 Novi
424 3382 622 3452 Testamenti
646 3388 814 3472 scriptores
836 3388 939 3451 secuti
961 3392 1053 3465 sunt,
1073 3389 1197 3453 etiam

150 3500 276 3583 scripsit
288 3492 360 3570 ὑπὸ
374 3492 458 3580 τούς
470 3493 595 3580 πόδας.
610 3501 779 3565 Praeterea
794 3501 933 3564 orationi
950 3500 1091 3564 inseruit
1107 3500 1196 3566 Ad*

148 3612 300 3676 iectirum
321 3606 466 3694 πάντας.
487 3616 561 3678 Hoc
582 3618 692 3678 autem
713 3613 749 3676 in
765 3614 937 3678 Adiectivo
953 3619 1060 3677 totam
1078 3602 1211 3699 argei*-

149 3726 251 3790 menti
276 3726 342 3790 vim
363 3727 503 3812 positam
528 3748 610 3805 esse,
634 3746 708 3791 cum
733 3746 817 3790 erus
839 3727 946 3792 dicere
966 3746 1035 3790 non
1053 3729 1209 3793 aum,

149 3840 221 3903 Nec
247 3858 373 3903 orsorio
399 3840 556 3905 assentior
580 3840 740 3919 monenti,
763 3839 919 3904 vocabulo
944 3833 1211 3936 e'ffiporig'sib

150 3959 279 4017 auctore
296 3953 443 4018 additum
461 3974 530 4018 esse
548 3955 731 4018 Pronomen
750 3944 880 4039 αὐτοῦ,
900 3953 956 4019 sed
974 3954 1036 4019 hoe
1054 3964 1217 4040 pram&

184 4205 205 4267 ¹)
224 4204 262 4252 cf.
282 4219 384 4253 srrn'nu.
405 4222 430 4266 p.
452 4206 512 4263 175,
534 4204 588 4254 176.
