2656 4890
191 284 256 355 254
626 256 768 347 mmc'ns.

194 556 252 638 Εἷς
276 564 381 639 νῖκος.
413 559 520 624 Huius
550 558 704 625 formulae
727 560 811 625 varia

237 671 465 756 interpretatio.
517 723 521 734 .
612 723 619 735 .
709 723 715 735 .

195 777 284 856 Εἶτα
315 784 460 848 ordinem
487 792 520 850 et
544 805 650 850 rerum
677 791 711 850 et
732 792 812 850 tem·

239 918 353 982 porum
375 897 541 983 significat.
616 949 623 960 .
714 949 719 962 .
810 949 816 961 .

57 1091 70 1104 ¹
196 1005 277 1080 Εἴτε
307 1047 350 1058 -
379 1048 423 1058 -
445 1006 521 1082 εἴτε.
544 1011 632 1078 Quid
654 1011 732 1076 haec
754 1009 832 1078 sibi.

812 1175 818 1186 .
908 1174 914 1186 .
999 1123 1057 1200 61,
1079 1122 1133 1186 62.
1174 1162 1210 1185 ·.·.

240 1123 347 1188 velint.
427 1175 432 1185 .
523 1175 528 1185 .
620 1174 625 1186 .
716 1175 722 1187 .

192 1228 250 1307 Ἐκ
274 1257 348 1302 cum
375 1235 526 1302 Genitivo
559 1237 733 1320 qualitatem
759 1236 812 1301 de-

241 1353 334 1415 notat
335 1400 721 1413 .....
756 1414 759 1419 ,
812 1399 818 1411 .

187 1453 364 1542 Ἕκαστος.
398 1481 492 1526 unum
520 1461 616 1527 etiam
646 1461 686 1525 ab
717 1461 816 1527 altero

242 1575 292 1639 vel
325 1597 344 1640 a
372 1574 516 1660 plun‘bus
547 1573 742 1660 distinguite
814 1625 820 1638 .
911 1625 916 1636 .

194 1678 351 1770 Ἐκεῖνος.
402 1686 558 1753 Vocabuli
606 1708 683 1751 usus
732 1688 817 1772 apud

243 1819 382 1868 PAULUM
384 1851 824 1864 ......

195 1906 378 2003 Ἐκκλησία
405 1905 459 2002 (ἡ)
485 1915 552 1984 τοῦ
582 1913 689 2001 Θεοῦ,
722 1916 817 1978 laomi-

244 2047 296 2090 nes
339 2028 412 2090 Deo
427 2047 486 2109 per
516 2046 688 2090 cmuswuu
718 2046 816 2091 come-
871 2091 875 2103 ,

246 2142 331 2203 crati.

198 2244 362 2345 Ἐκνήφω
386 2253 464 2336 quid
486 2252 650 2337 significet.
719 2303 725 2314 .
817 2209 827 2313 ,γ

191 2358 393 2458 ’Ἑκτρωμω
429 2366 527 2430 varia
553 2365 697 2431 vocabuli
723 2366 821 2439 notio.
912 2416 918 2427 .

199 2471 258 2550 Ἑν
310 2479 475 2571 Χριστῷ,
527 2481 560 2542 in
618 2481 821 2543 communione

246 2611 391 2655 cnmswx.

198 2697 307 2792 Ἐπεί,
340 2726 412 2768 nam
455 2707 482 2768 si
518 2707 573 2768 hoc
610 2706 653 2768 ita
683 2711 739 2782 est,
774 2705 823 2768 vel

247 2819 727 2882 mammmm.

199 2923 354 3020 Ἐπειὸή,
388 2932 538 3029 quoniam
629 2982 633 2993 .
725 2982 731 2994 .
822 2982 827 2993 .

193 3037 330 3137 Ἔργον
358 3034 520 3132 (τὸ)τοῦ
550 3041 705 3138 Κυρίου,
728 3064 822 3128 gene-

249 3158 344 3223 ratim
369 3178 444 3240 opm
470 3180 489 3220 a
515 3157 579 3222 Deo
605 3160 652 3223 vel
681 3177 822 3222 cumsvo

250 3271 432 3335 mandatum.
528 3323 533 3333 .
624 3322 631 3334 .
721 3321 727 3334 .
818 3322 823 3333 .

193 3375 395 3478 ’Έρχεσθω
427 3394 594 3468 nusquam'
610 3385 750 3468 positum
777 3393 825 3449 est

249 3517 306 3581 pro
330 3495 559 3588 ἐξέρχεσθαι,
590 3498 692 3562 multo
718 3497 824 3562 minus

249 3629 307 3694 pro
336 3608 549 3712 ἕξέρχεσθαι
571 3611 705 3683 ἐκτῶν
722 3632 825 3701 μνη-

250 3718 380 3811 μείων,
422 3724 478 3788 sed
511 3724 669 3810 significat
696 3725 825 3808 prodire

251 3840 284 3898 in
316 3837 417 3902 lucem.
531 3890 536 3900 .
628 3889 633 3901 .
725 3889 730 3901 .

199 3941 380 4040 ’Έσχαπος
439 3942 492 4040 (ὃ)
544 3940 674 4041 Ἀδάμ
730 3971 826 4035 quare

253 4081 415 4126 cnmsws
440 4062 571 4128 dicatur.
628 4115 634 4127 .
725 4116 730 4129 .

209 4177 372 4260 Evangelii
393 4177 610 4244 annunciandi
632 4180 714 4245 ratio
741 4181 827 4264 Apo·

254 4289 343 4357 stolis
355 4290 473 4355 usitata
476 4341 833 4354 .....

1065 470 1122 532 Pag.

806 723 811 735 .
903 723 910 735 .
952 673 1032 748 229,
1055 673 1145 735 230..,

907 947 912 960 .
998 889 1209 974 36,87.,·1

909 1398 915 1411 .
1005 1349 1133 1413 .198.

1007 1624 1013 1636 .
1082 1574 1135 1636 98.

914 1850 921 1863 .
1011 1851 1016 1863 .
1064 1802 1136 1864 113.

912 2303 918 2315 .
1008 2253 1136 2316 ·.157,

1009 2416 1015 2426 .
1081 2366 1129 2429 49
1152 2386 1225 2448 sqq.

920 2594 977 2670 81,
1004 2594 1062 2668 91,
1088 2593 1142 2654 92.
1310 2599 1313 2604 '

817 2868 824 2880 .
915 2868 920 2880 .
976 2819 1053 2895 131,
1080 2818 1146 2881 132

919 2931 1144 2994 ..89.

915 3321 920 3331 .
966 3269 1043 3345 246,
1067 3271 1146 3332 247.

821 3889 827 3899 .
917 3888 923 3898 .
974 3839 1048 3914 161,
1075 3838 1169 3902 162.-

822 4116 827 4127 .
919 4116 924 4128 .
972 4067 1048 4141 194,
1074 4066 1150 4127 195.
