2656 4890
434 282 702 340 mararensium
727 294 818 339 vans.
841 280 892 339 22.
1127 281 1167 342 91

56 513 65 519 .
151 464 532 549 mmtor'uomparetione
555 482 668 527 sunm
695 468 729 527 et
752 468 1094 546 cenrsr1,quameie
1120 470 1170 532 in-

152 582 276 648 stituit:
289 570 535 672 Ὥσπερ-γὰρ
560 577 602 648 ἐν
625 578 679 669 τῷ
697 568 818 666 Ἀδὰμ
842 569 971 657 πάντες
994 571 1171 672 ἀποθνή-

151 713 325 779 σκουσιν,-
337 685 437 763 ulitur
455 688 516 762 καὶ
532 690 574 762 ἐν
589 693 643 781 τῷ
664 692 817 783 Χριστῷ
835 684 966 771 πάντες
987 688 1171 785 §wonom—

152 802 349 899 θήσονται.
375 806 515 888 Utrique
542 803 687 869 membro
716 805 842 882 insunt,
871 826 958 888 quae
986 806 1170 891 disputandi

153 927 382 1008 argumentum
401 918 582 1003 praebeant.

197 1038 243 1101 Ilt
270 1035 410 1120 primum
439 1032 570 1116 quidem
599 1031 745 1114 quaestio
773 1038 836 1109 est,
866 1031 945 1113 quid
977 1033 1039 1099 sibi
1071 1035 1171 1101 velint

152 1149 311 1215 formulae
332 1148 374 1218 ἐν
391 1149 445 1238 τῷ
461 1137 582 1235 'Adde
599 1151 635 1211 et
651 1143 693 1216 ἐν
713 1146 767 1235 τῷ
790 1146 952 1237 Χριστῷ.
972 1147 1072 1212 Haud
1091 1170 1170 1233 pau·

154 1270 211 1331 tes
236 1261 433 1343 abantiquo
454 1260 554 1325 fuisse
579 1259 744 1336 novimus,
767 1258 823 1341 qui
846 1279 899 1323 eas
920 1260 1170 1346 interpretaren.

154 1385 212 1442 tnr
229 1397 291 1460 per
313 1392 463 1440 nunnus(
484 1379 519 1439 et
538 1390 803 1458 percurrerem
826 1373 937 1455 Atque
957 1374 1004 1438 sie
1025 1375 1091 1438 iem
1114 1397 1171 1440 rn-

88 1490 92 1499 '
154 1509 277 1556 uerus
288 1495 322 1555 et
333 1506 566 1566 oecumenius,
577 1485 746 1552 recentiori
760 1487 915 1551 memorie
930 1489 1028 1552 etiem
1044 1492 1170 1555 Summi

153 1604 240 1683 Viri,
263 1604 313 1668 uti
339 1622 493 1667 narsum
520 1607 554 1666 et
579 1620 741 1679 eremus,
762 1600 851 1665 haud
875 1601 924 1665 ite
943 1603 1068 1686 pridem
1090 1625 1170 1670 mn-

154 1736 248 1783 rrrue.
272 1717 337 1783 Sed
362 1717 459 1782 hodie
484 1715 627 1781 refellere
646 1715 736 1778 nihil·
751 1715 870 1779 attinet
890 1736 1004 1799 regam
1025 1717 1115 1782 illum
1137 1726 1170 1785 et

152 1834 309 1899 merrtem
335 1830 450 1916 egendi
475 1830 633 1894 rationem
657 1829 693 1892 in
726 1829 1004 1914 Praepositionum
1036 1832 1171 1899 notione

155 1946 351 2023 delinienda,
359 1964 462 2028 quem
475 1944 553 2008 olim
565 1962 770 2006 communem
784 1943 852 2007 fere
867 1943 1063 2024 habuerunt,
1075 1953 1170 2029 quot·

153 2068 236 2145 quet
253 2059 343 2124 libris
353 2065 503 2124 -veterum
522 2055 718 2141 explicandis
734 2055 895 2120 navabant
912 2077 1050 2141 operam
1070 2061 1172 2125 Nulln

153 2194 232 2240 eane
258 2173 389 2258 reperiri
418 2177 527 2256 potest
557 2192 666 2249 eausa,
696 2188 911 2234 emesenus
940 2171 1023 2235 illud
1048 2174 1170 2256 ipsum,

152 2288 249 2372 qnod·
278 2304 324 2352 rs.
361 2290 401 2351 21
440 2285 603 2351 ramma
638 2277 701 2354 deul
737 2284 909 2368 significet,
946 2307 990 2350 ve.
1027 2288 1172 2370 proxime

153 2403 301 2486 sequenti
325 2408 390 2486 'per
422 2400 617 2465 Pertienlam
645 2397 688 2470 ἐν
720 2399 946 2462 enunciaverit.
978 2401 1078 2464 Haud
1110 2402 1170 2466 mi·

151 2534 217 2580 nus
241 2514 339 2594 'leuia
367 2514 432 2579 nisi
463 2513 568 2577 multo
601 2512 700 2577 levior
733 2518 783 2576 est
810 2513 1032 2597 interpretatio
1061 2534 1171 2578 nusu-

152 2644 214 2694 srr:
231 2630 308 2693 tude
329 2649 349 2692 n
371 2648 430 2712 quo
451 2635 584 2712 tempore
605 2644 744 2689 nunnus
767 2633 862 2690 morte
882 2628 1022 2690 occubuit
1044 2634 1078 2692 et
1099 2630 1172 2694 dnm

152 2756 318 2807 cerrenus
336 2745 386 2806 ln
421 2744 516 2806 uitem
552 2740 651 2805 rediit.
689 2740 760 2804 Nee
796 2759 873 2804 vero
909 2742 1057 2806 assentiri
1097 2764 1170 2827 pos-

152 2872 225 2921 sum
249 2872 412 2934 nnrreno,
434 2854 490 2920 ubi
517 2855 710 2940 Apostolum
735 2853 797 2918 sibi
825 2853 964 2919 voluisse
987 2856 1169 2939 contendit:

152 2971 336 3035 Insultare
357 2975 392 3034 et
406 2971 441 3033 in
461 2986 606 3034 edmero
619 2968 862 3051 fundumentum
873 2971 1009 3051 peritum
1028 2976 1086 3048 est,
1106 2991 1172 3054 quo

152 3082 363 3150 et'morieudi
383 3084 501 3146 nititur
517 3082 705 3160 necessitas,
727 3087 761 3145 et
778 3081 901 3146 reditus
918 3088 1120 3148 mortuorum
1136 3085 1171 3149 in

97 3208 102 3215 '
152 3196 375 3263 emmarrici
401 3198 503 3275 enim,
522 3215 661 3280 quaese,
683 3193 725 3258 ed
746 3196 832 3259 hunc
854 3215 984 3258 sensum
1005 3215 1046 3260 ex
1066 3197 1170 3262 verbis

153 3310 347 3389 eruendum,
366 3313 456 3376 iuvet
478 3329 660 3374 soenorum
683 3307 776 3371 illud:
793 3299 852 3378 'Er
873 3304 931 3377 σοὶ
951 3299 1038 3377 πᾶσ’
1059 3306 1172 3404 &seyr

151 3419 320 3515 σώζομαι
342 3427 385 3508 ¹⁵),
409 3445 509 3507 quum
530 3425 566 3487 in
592 3440 696 3486 eruar
722 3421 847 3504 scriptis
874 3422 1034 3505 Novoque
1059 3424 1171 3488 Teuta·

151 3545 266 3603 mente
301 3538 435 3615 mustra,
472 3538 535 3601 nisi
572 3537 679 3614 fallor,
716 3535 909 3618 quaesiveris
946 3536 1066 3615 locum,
1107 3558 1171 3620 quo

151 3653 238 3715 hene
267 3650 564 3736 interpretationem
593 3649 707 3733 probes
734 3648 784 3731 2)l
812 3650 919 3712 Immo
948 3648 1105 3715 formulae
1130 3650 1172 3722 ἐν

151 3764 207 3854 τῷ
225 3755 348 3853 Ἀδὰμ,
371 3770 403 3829 et
420 3764 461 3834 ἓν
478 3764 530 3853 τῷ
551 3764 703 3856 Χριστῷ
721 3762 803 3826 nihil
822 3763 910 3826 aliud
929 3763 1080 3829 denotare
1098 3785 1170 3848 pos-

151 3882 233 3941 sunt
262 3899 360 3960 quam
389 3881 422 3941 iu
454 3879 656 3941 commuuione
689 3895 801 3939 sanun
837 3882 870 3940 et
902 3879 935 3939 iu
969 3879 1171 3942 commuuione

151 4092 314 4107 Μ-

190 4252 213 4311 ’)
230 4253 301 4302 Aine.
319 4266 357 4300 rs.
377 4255 434 4302 519.

169 4355 213 4418 22)
230 4343 271 4406 er.
287 4370 389 4418 aaran,
401 4359 446 4407 ιιι
461 4358 541 4418 arlef
551 4373 584 4407 an
598 4359 637 4407 ιιι
652 4357 763 4408 murm
776 4357 908 4408 ιιιιιιιιι.
925 4358 991 4408 rm.
1008 4359 1044 4410 11.
1058 4372 1113 4426 pag.
1131 4364 1170 4413 14.
