2656 4890
424 1132 852 1219 INTROITUS.

179 2026 273 2108 Inter
292 2028 503 2108 monumenta
525 2043 710 2120 vetustatis,
734 2062 817 2125 quae
839 2044 909 2109 sine
930 2044 996 2107 ulla
1017 2044 1148 2108 contro·

133 2156 237 2220 versia
269 2175 380 2219 rsuno
410 2155 567 2240 Apostolo
596 2153 762 2233 debentur,
787 2157 880 2237 prior
909 2157 953 2219 od
978 2157 1149 2222 Corinthios

133 2274 185 2333 est
205 2269 353 2352 Epistola.
377 2271 472 2333 Hano
492 2270 608 2352 optes
628 2269 725 2333 tertio
748 2269 874 2353 scripsit
895 2290 998 2348 anno,
1022 2291 1086 2353 quo
1106 2270 1149 2334 ad

132 2401 263 2446 oausam
292 2400 427 2447 cnarsnr
450 2382 607 2467 agendam
623 2381 670 2446 ibi
687 2380 881 2447 versabatur.
900 2384 1033 2448 Praeter
1048 2381 1148 2467 expli·

59 2480 68 2495 ’
132 2495 293 2560 sationem
322 2497 517 2574 sententiae,
539 2495 576 2559 in
604 2495 722 2559 literis
744 2502 831 2560 nuno
852 2494 1025 2580 deperditis
1050 2498 1090 2578 ¹),
1110 2495 1151 2561 de

132 2607 285 2692 fugienda
301 2608 520 2694 improborum
537 2607 772 2674 consuetudine
789 2607 909 2686 diotae,
928 2609 1162 2693 reprehensio·

134 2708 213 2786 nem‘
239 2742 277 2786 es
305 2723 452 2787 continet
468 2721 576 2786 litium
594 2727 628 2786 et
644 2721 946 2798 controversiarum,
966 2722 1046 2786 item
1065 2740 1150 2785 erro·

133 2854 207 2898 rum
224 2841 264 2899 et
275 2835 485 2919 flagitiorum,
503 2854 642 2918 quorum
659 2834 746 2898 fama
762 2834 799 2897 in
818 2834 939 2898 Iooiom
949 2841 1150 2918 pervenerat,

135 2953 168 3012 et
186 2949 425 3033 responsionem
443 2947 486 3012 ad
509 2947 712 3031 quaestiones
734 2945 873 3030 aliquot,
900 2969 920 3010 a
938 2946 1150 3013 sectatoribus

135 3079 272 3137 cursum
290 3060 616 3147 auotori'propositas.
634 3060 728 3125 Inter
744 3060 816 3124 illas
828 3067 937 3126 autam
949 3060 1152 3143 quaestiones

134 3180 361 3256 argumentum
371 3194 500 3257 quoque
509 3172 677 3249 collocare,
690 3172 776 3255 quod
788 3173 902 3256 Capite
912 3172 977 3235 XV
985 3176 1151 3250 tractatur,

136 3284 279 3370 profesto
301 3285 384 3349 nihil
402 3285 500 3351 habet
517 3307 537 3350 a
554 3285 618 3350 fide
636 3285 741 3349 alieni.
760 3285 807 3349 At
824 3284 900 3349 huic
918 3291 1028 3348 tamen
1045 3285 1153 3369 Capiti

135 3397 270 3476 indicia,
294 3398 403 3482 qualia
418 3399 458 3462 -in
481 3397 741 3483 praecedentibus
761 3402 889 3462 exstant
912 3401 952 3480 ²),
975 3398 1154 3464 adLiteras

137 3517 282 3595 acceptas
311 3511 508 3596 responderi,
531 3513 644 3575 insunt
666 3512 759 3596 plane
781 3511 878 3575 nulla.
901 3513 973 3575 Neo
995 3533 1069 3574 vero
1092 3513 1152 3575 hae

138 3625 175 3687 in
196 3629 292 3689 eausa
311 3625 547 3690 dissensionum
564 3625 707 3702 illarum,
727 3645 809 3708 quae
828 3625 904 3709 Cap.
916 3627 949 3688 I:
972 3628 1013 3688 12
1024 3630 1155 3689 notatae

138 3744 230 3814 sunt,
265 3738 399 3822 vestigia
432 3737 721 3822 deprehenduntur.
756 3737 846 3802 Quid
878 3737 979 3820 igitur
1012 3743 1155 3821 superest

139 3870 237 3931 quam
266 3869 408 3928 sumere,
438 3869 593 3927 murum,
624 3850 665 3913 ad
687 3850 784 3913 huius
807 3849 972 3933 Epistolae
994 3849 1107 3926 finem,
1120 3849 1156 3913 de

138 3962 240 4026 redito
258 3971 444 4028 mortuorum
462 3943 495 4026 io
511 3964 606 4028 odom
624 3963 816 4027 sententiam
836 3961 967 4040 dixisse,
980 3968 1018 4026 ut
1029 3982 1157 4027 succur-

176 4176 198 4238 1)
215 4177 228 4224 1
247 4177 302 4225 Gor.
320 4177 355 4225 V:
373 4178 398 4225 9.

177 4280 200 4340 ²)
218 4279 278 4342 Cap.
297 4281 355 4328 VII:
376 4281 399 4329 1.
417 4280 492 4328 VIII:
512 4282 535 4328 1.
551 4280 603 4331 XI:
622 4282 646 4330 2.
666 4278 725 4327 XII:
746 4280 769 4326 l.
