2656 4890
158 268 200 329 58
439 284 707 329 mranrrrrnrio
732 285 824 331 uras.
850 269 899 329 10.

158 459 246 521 certa
272 453 432 519 faciebant
458 453 509 531 id,
540 452 627 538 quod
655 452 725 538 ipae
752 453 970 538 praestiterat,
999 455 1182 539 operationi

157 568 295 634 Divinae
318 566 558 645 subiicientem,
580 567 631 632 uti
652 566 821 633 recentiou'
843 567 999 635 memoria
1020 584 1181 641 unllam·

157 699 334 760 amemus,
358 699 515 758 rnarrus,
539 683 1039 760 aiicnnarus,oasaausnu1us,
1063 700 1179 755 uara}

148 816 236 876 ¹raus,
262 815 419 859 uramus.
444 792 582 879 Ellipsin
607 793 659 859 vel
683 793 978 878 Breviloquentiam
995 794 1084 880 quod
1101 796 1181 869 alii

156 898 228 989 net,
254 909 338 975 lrnnc
363 927 518 973 wrnnaus
541 910 567 991 ¹)
596 912 716 973 temere
737 907 907 973 confictam
930 928 1000 975 esse
1020 907 1178 994 probarit

157 1022 224 1090 Sed
247 1043 291 1088 ne
317 1022 366 1087 illi
391 1021 521 1107 quidem
546 1021 721 1088 concedere
747 1043 892 1107 possum,
915 1020 1004 1087 haud
1023 1042 1114 1101 raro,
1135 1040 1179 1091 ea

157 1136 403 1202 Rhetorieorum
434 1158 512 1214 usu,
541 1138 728 1219 necationem
760 1135 927 1200 absolutam
953 1155 1017 1220 pro
1046 1136 1179 1205 relativa

153 1251 285 1334 positm
319 1271 388 1316 esse
425 1249 468 1314 ad
503 1250 711 1335 posteriorem
748 1248 928 1315 sententiae
963 1252 1088 1333 partem
1128 1248 1179 1317 ita

155 1368 231 1429 ante
267 1363 375 1429 oeulos
410 1362 642 1441 collocandam,
680 1368 719 1427 ut
751 1363 838 1447 prior
870 1383 904 1427 se
937 1360 1105 1427 subducat.
1141 1361 1180 1435 si

155 1477 244 1542 enim
276 1495 406 1540 raunus
439 1477 486 1541 ait
516 1478 534 1540 1
571 1478 669 1541 ilices.
699 1478 765 1542 IV:
796 1477 831 1540 8:
861 1467 882 1545 ὁ
913 1465 1078 1563 ἀθετῶν,
1106 1465 1181 1547 oie

154 1583 362 1682 ἄνθρωπον
386 1581 526 1677 ἀθετεῖ,
554 1580 642 1661 ἀλλὰ
668 1581 736 1661 τὸν
766 1581 875 1677 Θεόν,
903 1589 1036 1654 omnino
1066 1587 1178 1669 docet,

128 1695 215 1768 'coc
253 1704 402 1767 hominem
440 1705 557 1785 sperui,
601 1703 701 1767 errori
745 1701 937 1781 obnoxium,
981 1703 1037 1767 sed
1078 1722 1180 1767 uuam

155 1816 268 1894 Deum,
286 1815 395 1880 fallere
411 1816 565 1881 nescium.
584 1817 638 1880 Ita
656 1835 749 1878 ursus
761 1814 933 1881 Mutari:
946 1814 1180 1901 aodiscipuloe

154 1949 301 1994 monens:
334 1919 399 2001 Οὐ·
415 1920 487 2023 γὰρ
511 1921 612 2019 ὑμεῖς
636 1929 714 2000 ἐστὲ
734 1927 770 1999 οἱ
790 1930 998 2016 λαλοῦντες,
1020 1919 1113 2002 ἀλλὰ
1133 1922 1180 2003 τὸ

154 2043 314 2135 Πνεῦμα
340 2043 409 2114 τοῦ
437 2034 584 2136 Πατρός
609 2034 720 2133 ὑμῶν
750 2034 793 2114 τὸ
826 2044 963 2115 λαλοῦν
995 2042 1037 2115 ἐν
1065 2035 1180 2134 ὑμῖν,

153 2157 242 2221 haud
279 2155 376 2221 dubie
412 2177 502 2240 apem
533 2156 574 2220 iis
607 2156 685 2221 fecit
717 2156 802 2236 fore,
836 2161 891 2236 ut,
925 2156 1085 2241 quidquid
1118 2179 1181 2244 pro

152 2291 250 2335 causa
279 2289 415 2334 curram
444 2269 665 2352 loquerentur,
690 2291 750 2335 coc
773 2271 833 2335 sibi
859 2271 1013 2349 deberent,
1040 2272 1097 2337 ad
1121 2274 1181 2341 urai

141 2371 288 2465 ¹Spiritui
312 2384 419 2446 Putris
446 2385 584 2448 coelestio.
610 2385 682 2447 Nee
709 2383 872 2450 declarans
899 2385 955 2450 ille
976 2385 1082 2449 Marc.
1106 2385 1176 2453 IXe

154 2497 210 2560 37:
232 2487 293 2574 Ὅς
321 2486 387 2566 ἐὰν
415 2495 478 2584 ἐμὲ
508 2490 668 2586 δέξηται,
696 2487 766 2568 οὐκ
794 2497 859 2588 ἐμὲ
890 2493 1049 2589 δέχεται,
1082 2487 1179 2571 iili

152 2599 219 2691 τὸν
242 2599 500 2680 ἀποστείλαντά
527 2635 589 2700 με,
617 2609 706 2676 aliud
732 2611 811 2694 quid
832 2610 894 2676 sibi
915 2612 1034 2690 voluit,
1056 2633 1176 2696 quam:

152 2720 209 2804 qui
235 2742 270 2786 se
295 2721 443 2807 accipiat,
468 2744 529 2787 ααι
555 2745 588 2788 se
616 2726 752 2807 accipere
779 2728 943 2804 Imminere,
972 2726 1028 2791 sed
1054 2726 1176 2806 Deum,

153 2837 240 2899 cuius
252 2837 369 2919 lepatue
381 2837 430 2899 att.
443 2836 569 2901 Eodem
582 2837 678 2900 modo
693 2837 902 2904 iudicandum
915 2843 996 2924 puto
1011 2838 1051 2904 de
1062 2840 1177 2909 Ioum

152 2948 236 3013 XII:
261 2952 307 3012 44
333 2954 366 3013 et
390 2950 460 3016 Act.
488 2952 534 3014 V:
559 2953 595 3029 4,
624 2973 704 3035 quos
732 2952 819 3017 locos
842 2971 991 3046 wnrrrus
1013 2953 1116 3018 etiam
1131 2953 1176 3021 in

152 3061 295 3126 medium
320 3062 438 3127 attulit.
466 3063 574 3129 Quid?
600 3064 688 3148 quod
711 3065 860 3132 similiter
882 3066 1070 3152 explicanda
1094 3073 1177 3141 sumt

152 3173 247 3243 verba
279 3195 383 3239 raum
418 3179 435 3240 l
474 3178 543 3243 Cor.
577 3180 611 3243 Iz
644 3181 699 3244 17:
736 3170 791 3252 Οὐ
819 3171 892 3273 γὰρ
920 3171 1106 3253 ἀπέστειλέ·
1125 3206 1176 3270 με

151 3280 307 3383 Χριστὸς
335 3285 539 3379 βαπτίζειν,
568 3283 642 3363 ἀλλ’
665 3283 975 3384 εὐαγγελίζεσθαι,
1000 3312 1084 3375 quae
1109 3312 1175 3375 vr:

153 3422 242 3466 uano
268 3405 453 3489 scrupulum
475 3405 663 3470 inieoeumt.
687 3407 788 3471 Recte
810 3407 896 3471 enim
918 3405 1101 3491 Apostolus.
1114 3409 1175 3473 aui

151 3516 293 3580 muneris
323 3538 392 3583 esse
419 3518 547 3603 scripsit
575 3518 746 3602 Euangelii
779 3519 1080 3598 annunciationem,
1113 3521 1173 3593 ba:

145 3628 252 3711 ptiem
269 3630 561 3696 administraturam
577 3653 637 3696 aon
659 3633 745 3710 ἱίιιιι,
768 3633 885 3718 quippe
907 3654 989 3717 quae
1010 3632 1173 3705 minian-3

149 3739 210 3806 bus
236 3741 305 3807 eius
328 3741 520 3810 demandata
539 3744 603 3811 fuit
625 3747 663 3828 ²).
686 3747 838 3813 Ceterum
861 3746 1172 3829 mirandum-fomiti

183 3980 206 4046 ¹)
222 3982 252 4031 P.
270 3978 320 4033 oto
337 3994 391 4055 sqq.

182 4085 205 4147 ²)
223 4085 270 4135 cff.
299 4099 362 4148 quae
388 4086 472 4136 monui
502 4087 528 4136 in
558 4087 709 4138 Jacrboelceu
731 4103 788 4140 noer
822 4088 953 4140 Weienacla
987 4091 1174 4160 illeot'l'om.

148 4165 189 4214 IV.
213 4165 279 4214 Part.
303 4168 328 4214 2.
352 4180 378 4228 p.
402 4167 465 4226 246,
488 4165 545 4217 247.
570 4166 705 4230 Disputatis
730 4182 797 4218 nunc
821 4168 923 4230 adiicio,
948 4169 1099 4232 Apostolos,
1125 4170 1173 4225 ubi

146 4242 261 4305 baptismi
281 4244 517 4297 administrationem
538 4245 688 4298 adiutoribus
709 4247 761 4299 auis
780 4247 974 4311 demandarent,
996 4253 1095 4305 necuim
1110 4264 1176 4303 ατε

148 4323 289 4387 exemplum
305 4322 382 4388 ipaiua
400 4339 477 4386 rrau,
494 4326 559 4390 quod
576 4327 727 4392 propositum
744 4332 784 4379 cat
799 4326 886 4379 roam.
905 4329 954 4381 Illi
971 4330 998 4383 2.
1051 4372 1053 4377 .
1097 4354 1129 4391 23,
1140 4357 1168 4381 us.
