2656 4890
383 314 677 359 οαττανιιατιτιο
690 343 693 357 .
704 314 805 367 vulis:
818 298 870 369 29·
888 348 890 353 ι
906 360 909 367 .
1085 303 1144 375 let

120 483 300 567 prntnndo.
312 483 424 547 adhue
439 484 554 549 ‚latere
584 482 697 553 Multo
707 483 1029 566 ..minorispondens
1049 498 1146 565 ¹sunt,

118 616 208 680 quae
227 611 431 665 noueremus
451 597 569 679 aliique
588 595 629 661 ad
644 595 831 669 Editionsur
848 598 1145 681 Receptamemep·

117 711 326 777 dandam'in
355 711 498 776 medium
529 710 717 777 attulerimt
750 712 826 775 Una
855 717 955 777 restet
985 716 1144 794 quaestio,

117 831 233 888 utrum
255 824 350 888 sorba
372 822 403 893 ri
421 817 512 903 ὅλαις
534 820 657 914 νεκροί
677 815 748 893 οὐκ
765 821 964 916 ἐγείρονται
983 827 1024 891 ad
1042 829 1145 911 prius,

115 961 164 1001 an
183 938 225 1001 ad
243 937 401 1020 posterius
420 938 575 1003 orationis
594 936 775 1001 membrum
788 938 899 1004 referri
915 938 1060 1005 debeant.
1078 943 1146 1012 Sed

116 1051 285 1115 Partieuia
305 1047 393 1142 ἐπεί,
413 1051 488 1115 huie
512 1051 616 1115 versui
635 1051 831 1134 praeposita,
847 1053 1084 1134 gravissimum,
1106 1063 1144 1127 ut

114 1163 314 1240 videbimus,
345 1163 475 1246 praebet
494 1171 737 1247 argumentum
770 1165 817 1238 illi
836 1172 1033 1241 ,structurae
1061 1168 1145 1243 hane

114 1276 327 1362 praeferendi.
348 1278 434 1359 Ergo
457 1298 523 1340 non
546 1275 673 1353 dubito,
694 1278 774 1360 quin
792 1279 964 1361 legendum
981 1280 1037 1351 sit:
1053 1272 1146 1357 Ἐπεί

114 1388 155 1460 τί
180 1382 395 1480 ποιήσουσιν
421 1389 456 1461 oi
478 1384 744 1480 βαπτιζόμενοι
769 1384 859 1483 ὑπὲρ
885 1394 960 1463 τῶν
986 1397 1143 1486 senonim

118 1504 166 1574 Εί
186 1498 277 1584 ὅλαις
298 1502 419 1595 νεκροί
440 1495 510 1575 οὐκ
532 1503 745 1597 ἐγείρονται,
765 1503 801 1575 τί
822 1503 882 1576 καί
904 1504 1144 1595 βαπτίζονται

115 1611 211 1712 ὑπὲρ
234 1610 375 1705 adraim
395 1619 488 1682 Prius
513 1624 622 1682 autem
646 1619 825 1683 membrum
848 1621 875 1684 si
899 1624 933 1682 in
956 1621 1027 1685 luce
1045 1622 1142 1685 coilo-

114 1739 230 1796 oatum
244 1739 342 1810 esset,
358 1733 515 1818 posterius
536 1734 607 1796 sine
622 1753 739 1816 magno
755 1733 885 1817 negotio
901 1735 1141 1818 intelligeretru:

167 1847 330 1910 Particula
347 1845 433 1933 ἐπεί,
454 1849 481 1910 si
503 1847 658 1929 loquendi
678 1869 774 1910 usum
794 1847 961 1911 ohservare
979 1849 1142 1925 volumus,

116 1963 157 2024 in
183 1959 386 2025 libris'Novi
412 1962 610 2026 Testamenti
637 1961 918 2043 neumamque-
932 1966 956 2044 1)
982 1964 1141 2027 musaiem

116 2075 220 2139 habet
237 2076 420 2152 notionem,
437 2077 573 2139 Latinae
591 2094 676 2151 nom,
693 2074 744 2137 vei
763 2077 921 2156 quanm,
937 2076 988 2138 vel
1006 2079 1142 2158 quando·

114 2190 243 2271 ᾳαίιίαα
256 2189 503 2272 respondentem
518 2192 555 2271 ²).
569 2186 744 2251 Nonnullis
760 2187 891 2270 quidem
905 2188 938 2250 in
956 2188 1034 2251 iocis
1046 2190 1142 2252 Lexi-

115 2303 271 2386 eographi
290 2324 361 2367 eam
379 2304 631 2388 interpretantur
649 2302 763 2383 alioqui
767 2330 779 2374 ;
796 2301 931 2364 sed=hoc
947 2299 1142 2365 ¹vocabulum

116 2416 290 2495 Latinum,
305 2418 450 2501 quamvis
469 2437 508 2480 eo
527 2418 597 2480 sine
614 2416 710 2499 eulpa
727 2421 857 2479 utemur
870 2415 912 2478 ad
927 2435 1057 2481 sensum
1072 2435 1141 2478 ora-

115 2531 219 2594 tionis
246 2530 484 2614 expiieandum,
511 2529 583 2613 plus
613 2535 721 2592 tamen
752 2528 925 2610 signifieat,
951 2550 1051 2611 quem
1080 2530 1142 2612 ipsi

115 2645 301 2709 Partiouiae
329 2645 435 2710 inesse
464 2646 572 2728 possit.
601 2644 688 2706 Huic
719 2641 904 2719 enimfubi
935 2643 1140 2706 ratiocinatio

115 2778 207 2822 nexu
232 2765 332 2837 earet,
356 2781 395 2823 ex
417 2757 680 2843 praecedentibus
703 2755 799 2819 adiioi
823 2754 955 2831 debent,
979 2776 1062 2837 quae
1084 2777 1142 2839 per

115 2873 414 2955 Breviloquentiam
432 2874 550 2937 omissa
565 2877 642 2935 sunt
657 2874 693 2952 ³).
710 2872 753 2934 In
768 2870 840 2932 aliis
854 2870 954 2952 igitur
969 2869 1047 2932 locis
1063 2871 1140 2934 seri:

18 3037 20 3040 .
116 2985 217 3050 batur
239 2991 377 3071 oportet:
397 3007 483 3064 nom,
502 2989 530 3050 si
552 2989 607 3048 tor
628 2987 674 3047 ito
692 2991 757 3057 pest·
774 2985 809 3046 in
832 2983 915 3046 aliis:
936 3004 1021 3060 ποια,
1041 2986 1068 3047 τί
1086 2987 1141 3051 boe

115 3078 470 3164 enascentibus
488 3099 618 3183 quidem
637 3097 811 3180 requiritur
829 3100 917 3160 nom.
937 3099 1008 3159 111:
1029 3099 1058 3159 6,
1074 3097 1138 3160 xe

117 3214 185 3275 dl
208 3215 277 3276 Gor.
297 3215 340 3277 V:
359 3217 409 3277 10.
425 3214 519 3278 Hebr.
539 3212 603 3277 IX:
621 3214 671 3275 26.
687 3211 731 3274 X:
749 3214 784 3287 2,
800 3213 861 3273 hoo
879 3229 954 3272 vero
970 3212 1058 3273 Rom.
1074 3210 1140 3274 Xdr

115 3327 171 3389 22.
197 3328 213 3389 1
244 3328 315 3390 Oor.
342 3329 425 3391 VII:
452 3330 501 3390 14.
525 3326 633 3390 Primo
656 3325 809 3407 adspectu
830 3321 1138 3405 excipiendum-est,

115 3440 207 3522 qnod
227 3442 347 3524 iegitur
371 3444 387 3503 l
415 3442 484 3504 (ίον.
508 3439 603 3503 XIV:
627 3441 682 3516 16,
702 3437 758 3500 nbi
782 3433 1072 3505 Particulamdrrri
1090 3457 1137 3500 ss·

131 3677 370 3754 ''¹i'Exceptionem
388 3707 437 3740 non
456 3692 563 3740 admittit
581 3692 640 3738 Luc.
660 3691 719 3737 VII:
740 3693 766 3746 l,
784 3688 826 3736 ubi
845 3702 901 3736 cum
921 3700 1096 3735 prenniano
1113 3691 1140 3734 et

116 3781 339 3821 risensnoosrro
366 3786 411 3834 pro
440 3769 497 3820 ἐπεὶ
527 3766 557 3818 δέ
581 3771 612 3817 ad
638 3770 712 3817 tidem
739 3768 850 3816 codicum
878 3766 1075 3831 substituendum
1103 3773 1139 3819 est

118 3844 214 3914 ἐπειδή.

153 3955 175 4018 ²)
194 3957 316 4002 Gnorrus
332 3955 421 4016 aliique
437 3955 584 4002 Particulam
600 3949 657 4000 ἐπεί
672 3951 758 3999 hocin
774 3952 828 3998 loco
845 3947 963 3996 vertendo
978 3947 1045 3995 reddi
1061 3936 1137 3996 iusse-

115 4039 176 4080 runt
193 4036 328 4094 praeterea
349 4035 390 4082 vel
414 4034 513 4090 deinde,
537 4046 610 4093 quam
634 4031 759 4078 notionem
784 4030 807 4076 ei
829 4028 953 4074 vindicare
976 4032 1077 4086 conatus
1103 4035 1139 4074 est

116 4127 241 4160 suessos
262 4128 287 4174 p.
307 4114 369 4171 400,
391 4114 453 4169 401,
471 4113 515 4160 sed
536 4125 632 4159 summo
653 4111 706 4157 iure
725 4121 899 4156 nnnnnursus
919 4105 1009 4152 ibidem
1030 4105 1150 4168 denega-⁴

116 4191 162 4238 vit.
182 4193 253 4239 Hanc
271 4197 353 4239 autern
369 4192 536 4252 quaestionem
556 4190 641 4255 minus·
654 4193 777 4249 spectent,
796 4202 858 4248 qnae
877 4185 919 4230 Vir
937 4186 1009 4231 Doot.
1029 4186 1059 4230 dn
1078 4187 1135 4231 Par·

116 4270 194 4321 ticuio
212 4267 269 4317 inst
285 4270 419 4332 disputavit
436 4271 461 4316 in
480 4270 567 4330 Opere.
587 4268 662 4336 Arari.
683 4269 753 4313 Torn.
775 4268 816 4312 IV.
836 4281 860 4324 p.
883 4265 938 4310 103.
981 4324 984 4328 Δ

152 4374 176 4433 ²)
195 4373 233 4422 Cf.
255 4387 419 4422 saansaan.
440 4389 464 4434 p.
484 4377 531 4420 455
551 4387 602 4432 sqq.
623 4373 670 4418 482
689 4385 722 4430 sq.
770 4394 772 4399 ·
