2656 4890
150 269 214 330 248
430 289 698 332 rnrnnrarrnrro
724 290 814 334 veae.
839 274 890 334 58.

148 463 235 535 rant,
259 458 430 540 quominus
457 478 491 521 re
514 479 637 542 semper
660 464 692 521 et
717 457 834 541 ubique
858 479 947 523 veros
971 465 1173 542 praestarent

149 590 284 636 caarsrr
311 571 503 636 sectatores?
535 574 682 635 Psoron
716 579 825 637 autem
851 592 907 655 per
937 572 1071 636 Litoten
1093 575 1171 637 sori·

149 685 249 769 puisse
266 676 335 756 οὐκ
357 683 429 756 ἔστι
451 679 568 772 κενός,
587 691 625 749 ut
646 685 788 751 laborem
808 706 920 750 eorum
938 688 1069 750 mammo
1086 689 1171 751 solu-

147 805 245 863 torem
278 798 415 876 diceret,
444 818 604 877 oaorrus,
636 818 814 877 voasrrus,
838 820 1024 864 panormus
1048 801 1169 883 aliique

147 911 228 976 bene
256 918 460 976 monuerunt.
488 911 651 977 Orationis
682 933 756 977 vero
784 918 955 978 contextae
984 934 1081 977 eausa
1107 914 1171 978 hoo

147 1045 222 1089 oum
261 1044 534 1088 unnsncnrnouu
574 1026 729 1110 explioare
773 1046 839 1090 non
884 1027 988 1090 ausim
1026 1027 1168 1091 salutare

148 1142 194 1202 rei
222 1139 429 1216 Christianae,
454 1138 599 1222 quamvis
630 1139 835 1224 explicationi
863 1139 912 1202 iili
942 1140 1052 1204 favent
1089 1142 1172 1204 Phil.

149 1254 201 1316 II:
228 1254 327 1316 lbet
355 1255 370 1316 1
395 1242 503 1316 'itas
530 1254 603 1320 III:
628 1255 656 1316 5.
676 1254 795 1317 immo
820 1253 1012 1337 Apostolus,
1043 1260 1081 1316 ut
1104 1254 1173 1319 fere

148 1356 260 1431 omnes
276 1372 410 1430 censent
428 1367 639 1450 Interpretes,
659 1366 743 1430 vitae
761 1366 890 1431 futurae
907 1368 1170 1431 commemoravit

147 1477 350 1556 beatitatem,
392 1499 446 1543 eos
486 1485 686 1557 manentem,
724 1486 885 1564 quotquot
924 1480 984 1544 hae
1025 1479 1060 1543 in
1104 1481 1172 1544 vita

149 1612 322 1656 cnarsrou
356 1597 564 1675 sequerentur
597 1593 720 1660 ducem.
749 1593 934 1658 Formulam
967 1593 1007 1664 ἓν
1041 1589 1172 1685 Κυρίῳ

150 1727 247 1798 osas,
282 1725 412 1792 usurus,
447 1725 609 1801 cauturus
644 1706 762 1789 aliique
795 1728 869 1772 cum
905 1727 1101 1771 ououuauro
1139 1714 1174 1771 et

149 1838 415 1884 runornrnnoro
440 1819 487 1882 ita
513 1819 618 1882 traiioi
640 1840 735 1904 possa
757 1826 927 1904 putarunt,
962 1826 1001 1884 ut
1022 1842 1096 1884 oum
1120 1841 1173 1884 re—

149 1931 337 1997 motioribus
366 1924 386 2001 ὃ
418 1917 526 2012 κόπος
554 1924 663 2022 ὑμῶν
687 1938 902 1997 connectatur.
930 1933 1010 2011 Sed,
1037 1938 1076 1996 ut
1108 1934 1174 1996 hu-

150 2046 290 2110 iusmodi
319 2045 507 2111 traiectione
533 2045 699 2110 toleranda
725 2047 829 2110 omnis
854 2046 990 2110 fluctuat
1015 2047 1174 2130 interpre-

35 2191 36 2194 ¹
151 2159 248 2237 tatio,
275 2160 320 2224 sio
346 2178 384 2224 eo
408 2157 450 2224 ab
466 2137 537 2223 'hoe
562 2160 633 2225 loco
660 2160 766 2231 aliena
794 2166 857 2238 est,
880 2160 1034 2242 quoniam
1059 2167 1177 2224 auctor

150 2294 217 2338 non
246 2272 371 2358 scripsit
398 2264 420 2344 ὃ
448 2270 491 2343 ἐν
527 2269 665 2367 Κυρίῳ.
692 2275 736 2337 Iit
766 2293 822 2336 our
843 2272 982 2336 'tandem
1011 2270 1107 2336 verba
1135 2273 1177 2343 ἐν

152 2383 278 2478 Κυρίῳ
312 2408 332 2448 a
364 2385 507 2468 proxime
541 2384 803 2470 praecedentibus
830 2385 1030 2450 avellamus?
1060 2386 1177 2470 Expli-

152 2500 253 2564 eanda
279 2499 365 2563 enim
387 2505 479 2577 sunt,
502 2504 541 2562 ut
562 2498 654 2576 aiibi,
677 2501 710 2562 io
733 2501 935 2562 commuuione
957 2500 1089 2562 Domini.
1111 2501 1177 2562 Ni-

151 2613 199 2676 hil
227 2633 301 2678 vero
332 2613 454 2690 obstat,
481 2601 652 2697 quominus
684 2614 744 2677 hoo
770 2613 907 2696 pendeat
933 2634 952 2675 a
978 2618 1047 2676 tota
1072 2612 1176 2677 huius

148 2727 328 2792 sententiae
350 2732 453 2812 parte:
475 2719 620 2813 εἰδότες,
638 2719 693 2798 ὅτι
711 2719 731 2796 ὃ
751 2719 858 2806 κόπος
875 2718 984 2815 ὑμῶν
1010 2716 1079 2796 οὐκ
1098 2725 1177 2798 ἔστι

150 2832 260 2921 κενός.
285 2840 430 2906 Eandem
456 2847 650 2906 stmoturam
679 2841 740 2904 sibi
766 2841 845 2906 haec
869 2839 1007 2903 formula
1028 2840 1178 2924 postulat

154 2958 240 3018 Rom.
270 2954 367 3018 XVI:
396 2958 447 3019 22.
476 2958 490 3018 l
523 2957 593 3019 Cor.
624 2958 688 3019 IV:
719 2957 767 3018 17.
795 2953 859 3018 XI:
890 2957 939 3018 il.
966 2957 988 3016 2
1019 2954 1092 3016 Cor.
1121 2956 1175 3018 II:

155 3071 204 3132 12,
226 3070 306 3151 apa
326 3071 370 3133 V:
395 3072 424 3132 a.
447 3071 509 3132 ou.
533 3071 603 3132 111:
628 3073 685 3146 20,
708 3069 786 3132 uem
809 3067 884 3151 cap.
909 3054 974 3130 rx:
1000 3069 1028 3130 1.
1053 3069 1176 3151 Itaque

153 3202 283 3275 sensum
315 3183 432 3247 horum
461 3182 641 3247 Verborum
671 3202 739 3246 esse
768 3186 860 3265 puto:
887 3183 1001 3264 quippe
1030 3182 1177 3259 somnies,

154 3297 304 3378 quidquid
325 3296 399 3360 olibi
420 3299 484 3360 siae
498 3297 612 3379 fructa
633 3298 687 3373 sit,
711 3295 843 3359 laborem
864 3285 995 3359 oestrum
1018 3296 1180 3358 mokstom

154 3410 237 3472 vobis
248 3411 378 3473 monime
395 3412 560 3474 solutorem
578 3411 682 3475 esseio
693 3409 896 3473 communione
907 3428 1052 3471 oanrsrr.
1065 3409 1182 3491 Atque

154 3521 199 3585 sio
212 3541 340 3585 rannus
353 3523 489 3606 graviter
499 3524 597 3587 huius
607 3523 729 3608 Capitis
742 3521 991 3606 disputationem
1002 3523 1182 3586 concludit.
