2656 4890
457 321 614 367 arlsuoua
639 322 683 364 AD
708 322 875 366 WINERUM.
1136 326 1171 370 lx

151 494 262 578 inceps
281 491 497 576 persequenda
525 492 632 566 aiunt,
657 509 738 572 quae
758 489 992 555 Reformatores
1012 511 1173 555 sacrorum

153 607 196 670 ad
204 607 405 690 depravatam
424 624 560 667 camari
574 604 774 679 societatem,
794 608 947 685 tanquam
959 623 1093 667 uuonan
1107 613 1171 668 sta-

153 720 281 797 bulum,
295 717 439 783 sordibus
450 717 649 802 purgandam
660 717 896 793 inchoaverint,
908 717 1082 801 impietatis
1093 723 1171 782 nota

154 832 302 895 inuritur.
334 833 501 896 Quantum
534 830 652 914 gloriae
674 830 807 912 antiqua
830 831 1024 894 Batavorum
1048 832 1172 915 Respu-
1279 867 1282 874 ·

154 946 238 1009 blica
260 964 384 1007 enemo
408 943 568 1021 debuerit,
592 948 811 1026 quantumque
836 944 915 1007 lucis
942 944 971 1007 ei
990 944 1172 1008 Literarum

156 1063 324 1123 Sacramm
336 1056 559 1141 interpretatio
582 1056 623 1119 ad
643 1056 729 1120 hunc
749 1077 850 1138 usque
869 1054 983 1121 debeat
1002 1056 1103 1134 diem,
1115 1077 1171 1122 ne-

153 1173 275 1235 minem
304 1171 399 1255 paulo
422 1169 706 1253 intelligentiorem
729 1169 807 1233 latet
812 1195 822 1247 3
845 1170 923 1251 quid
945 1189 1038 1247 vero,
1062 1171 1089 1234 si
1113 1169 1171 1235 tibi

155 1285 277 1362 dixero,
294 1286 363 1348 aine
381 1284 501 1367 pudore
516 1282 656 1367 prodire,
669 1284 740 1365 qui,
761 1283 801 1346 ad
814 1301 990 1360 eruebam,
1005 1302 1167 1347 vonraan

154 1398 371 1480 similiumque
385 1397 636 1462 obtrectatorum
653 1397 883 1474 imitationem,
896 1396 1019 1462 svimm
1034 1398 1171 1461 Immor-

153 1511 252 1575 talem
281 1510 431 1593 sugillent
457 1516 612 1593 vetusque
632 1511 754 1574 iactent
774 1509 996 1595 maledictum,
1018 1509 1172 1574 librorum

152 1626 222 1688 eius
251 1625 401 1688 lectorem
432 1624 524 1706 quasi
552 1645 608 1709 per
640 1625 730 1706 ignes
755 1623 902 1688 incedere
931 1623 1029 1688 cineri
1060 1623 1171 1687 doloso

152 1736 355 1821 suppositos?
387 1737 451 1802 Sed
480 1759 554 1802 cum
582 1737 692 1821 plura?
718 1739 873 1819 Repetere
894 1737 988 1814 nolo,
1011 1736 1098 1819 quod
1119 1758 1172 1801 me

152 1870 269 1933 nuper,
300 1872 400 1933 quum
429 1855 588 1933 postremo
618 1850 811 1914 Orationum
832 1871 976 1914 mearum
1004 1853 1171 1914 Sacrarum

152 1962 309 2026 volumini
340 1962 512 2047 praefarer,
543 1984 617 2026 cum
640 1963 802 2048 discipulis
824 1964 904 2027 meis
926 1963 1115 2046 antiquioris
1139 1968 1172 2027 et

152 2076 337 2142 recentioris
359 2077 532 2143 memoriae
554 2082 704 2159 questum
728 2097 797 2140 esse
818 2075 1040 2141 recordaberis.
1114 2123 1116 2126 ψ

198 2191 249 2254 De
266 2190 408 2255 motibus
427 2192 542 2267 animi,
562 2190 678 2274 quibus
696 2190 812 2253 harum
829 2199 936 2254 rerum
954 2194 1100 2254 auctores
1115 2211 1169 2254 va-

152 2303 209 2366 riis
239 2304 274 2366 in
303 2304 395 2367 terris
425 2304 602 2387 agitentur,
632 2325 706 2381 nos,
735 2303 795 2367 Vir
816 2324 943 2367 mecum
965 2303 1170 2368 Coniunctis-

155 2416 248 2480 sime!
271 2437 337 2481 non
355 2416 448 2482 valde
466 2417 698 2483 dissentiemus.
719 2417 804 2482 Satis
822 2438 939 2502 magno
958 2437 1093 2481 numero
1110 2417 1170 2481 hac

154 2531 192 2592 in
210 2530 311 2613 patria
328 2551 401 2595 mea
418 2531 535 2614 pariter
552 2537 649 2613 atque
668 2530 745 2595 alibi
763 2537 853 2607 sunt,
869 2531 936 2614 qui,
952 2530 1170 2615 superstitiosa

154 2643 312 2707 maiorum
338 2645 514 2709 reverentia
537 2643 716 2722 obcoecati,
747 2644 842 2709 laude
871 2644 985 2728 dignos
1015 2644 1170 2728 deputent

154 2757 301 2822 homines
331 2756 524 2841 Theologiae
553 2757 773 2842 progressibus
807 2756 1009 2822 adversarios.
1041 2759 1169 2821 Partem

155 2869 240 2934 fallit
267 2871 391 2955 opinio,
420 2871 523 2954 ipsam
552 2872 738 2955 religionem
760 2871 977 2936 Christianam
1001 2870 1037 2934 in
1060 2871 1169 2936 discri-

154 3003 230 3048 men
249 2984 378 3061 adduci,
401 2985 429 3048 si
454 2983 582 3068 quando
604 3007 623 3048 a
644 2985 734 3064 fidei,
758 3006 839 3069 quae
863 2984 1024 3061 dicuntur,
1047 2984 1167 3048 formu-

153 3097 208 3174 lis,
236 3097 342 3162 seculo
372 3097 454 3162 XVI
481 3103 514 3163 et
535 3099 637 3162 XVII
660 3099 857 3175 constitutis,
887 3080 1074 3162 discedatur.
1098 3098 1168 3161 Nec

152 3231 271 3295 paucos
301 3218 495 3278 transversos
525 3213 592 3296 agit
621 3213 732 3288 timor,
759 3217 796 3275 ut
819 3211 912 3275 aliter
933 3231 1031 3292 quam
1053 3210 1168 3273 veteris

153 3324 318 3390 doctrinae
340 3325 430 3390 freno
453 3325 594 3391 cohiberi
612 3326 713 3409 possit
736 3324 836 3389 effusa
857 3323 1048 3407 populorum
1071 3323 1106 3386 in
1124 3323 1168 3386 ci-

153 3437 307 3507 vitatibus
329 3440 458 3504 licentia
480 3461 669 3523 morumque
698 3439 884 3522 corruptela.
912 3437 1049 3522 Utinam
1070 3457 1168 3521 penes

152 3549 226 3614 illos
257 3573 366 3617 omnes
395 3553 485 3618 nulla
513 3555 576 3618 alia
604 3554 697 3638 culpa
727 3553 784 3629 sit,
808 3573 904 3635 quam
922 3549 1009 3635 quod
1024 3549 1085 3614 sibi
1107 3550 1168 3634 ipsi

152 3662 298 3729 fraudem
317 3666 386 3731 fieri
405 3667 582 3751 patiantur!
603 3667 696 3731 Nihil
714 3688 807 3742 sane,
826 3664 914 3729 haud
933 3663 1064 3742 infitior,
1082 3663 1168 3726 iniu-

152 3777 270 3842 riosius
289 3786 339 3844 est
357 3801 453 3864 quam
471 3780 646 3857 dubitatio,
665 3802 707 3844 an
725 3781 802 3844 satis
820 3779 916 3843 multi
936 3798 1046 3842 eorum
1063 3782 1168 3841 rectae

152 3889 327 3957 voluntatis
351 3893 509 3959 ducantur
530 3895 731 3959 conscientia.
756 3893 821 3960 Sed
844 3893 915 3976 quis
938 3912 1006 3956 esse
1032 3910 1167 3972 negave-

152 4004 211 4082 rit,
243 4006 314 4089 qui,
346 4028 466 4070 raorm
498 4008 632 4086 similes,
663 4007 764 4072 varias
794 4004 855 4070 sibi
885 4006 1002 4071 formas
1030 4002 1168 4067 induant

153 4117 306 4202 aliudque
326 4120 363 4184 in
392 4127 532 4205 pectore,
557 4121 645 4186 aliud
666 4122 701 4184 in
732 4142 786 4185 ore
807 4119 935 4186 ferant?
959 4117 1087 4195 Tibine,
1112 4115 1167 4181 ob-

153 4250 242 4295 secro
269 4238 316 4309 te,
346 4233 501 4317 incogniti
532 4235 629 4299 etiam
659 4241 750 4312 sunt,
782 4235 836 4317 qui
867 4240 949 4300 artes
972 4242 1005 4297 et
1027 4231 1167 4296 fallacias

152 4344 308 4410 misceant
335 4347 375 4410 ad
405 4349 524 4412 cerebri
555 4349 727 4414 malesani
751 4349 889 4426 somnia,
914 4367 996 4429 quae
1019 4344 1078 4409 sibi
1101 4364 1167 4408 cre-
