2656 4890
187 313 251 356 VIII
479 311 637 352 nrlsronn
663 311 707 352 AD
733 309 904 352 W1NnRUM.

185 480 367 561 quicunque
394 476 516 541 liberali
543 477 672 559 ingenio
698 476 833 559 praediti
864 475 1054 539 factionibus
1086 477 1200 541 servire

186 592 311 658 nolunt.
364 607 367 614 ·

227 704 399 768 Enimvero
421 723 612 787 quocunque
631 704 774 786 quisquis
797 704 831 766 in
854 703 924 767 loco
944 711 1006 782 est,
1026 704 1195 768 eademilli

186 825 234 881 est
252 816 406 882 acerbitas
422 838 460 880 ex
475 816 658 880 tristissima
673 817 788 879 horum
804 821 983 899 temporum
999 816 1197 893 conditione,

185 930 225 995 dc
248 935 379 1013 quate,
409 930 469 994 Vir
491 930 636 1013 Optime!
660 930 740 992 mihi
763 929 835 1013 plus
855 929 952 993 semel
976 929 1109 995 scribere
1132 951 1198 994 me-

184 1043 272 1108 mini.
295 1045 368 1108 Nae
391 1064 448 1127 ego
472 1044 616 1126 ingratus
639 1043 736 1106 homo
760 1043 835 1121 sim,
859 1043 922 1107 nisi
941 1064 993 1107 me
1012 1043 1128 1108 hahere
1152 1044 1199 1106 di-

185 1177 273 1233 cam,
303 1155 389 1240 quod
410 1157 486 1220 huic
523 1156 763 1239 patriaeimeae
793 1157 943 1241 gratuler,
978 1157 1199 1240 quotiescum

186 1270 368 1334 domesticis
390 1291 556 1353 comparo,
580 1290 661 1352 quae
684 1269 768 1352 apud
785 1276 916 1351 -erteros
935 1269 991 1334 alii
1009 1270 1050 1333 ad
1068 1272 1201 1355 populos

187 1383 366 1447 Socialismi
385 1384 478 1447 etvel
501 1383 734 1446 Communismi
754 1358 1201 1468 fraudibus-corrumpendos,

186 1495 241 1560 alii
269 1497 310 1560 ad
339 1497 572 1581 superstitionis
602 1503 762 1580 torporem
799 1496 961 1561 mentibus
991 1498 1200 1562 iniiciendum

186 1610 418 1675 machinantur.
447 1610 536 1676 Quid
558 1631 688 1674 auream
709 1609 798 1673 illam
820 1611 855 1673 in
878 1611 1008 1675 civitate
1028 1632 1201 1676 memorem

186 1721 382 1802 hbertatcm,
413 1745 494 1806 quae
524 1723 616 1787 nobis
645 1746 664 1787 a
686 1722 859 1787 maioribus
882 1724 1000 1788 tradita
1022 1731 1071 1789 est
1093 1726 1202 1790 certis-

188 1856 250 1918 que
271 1836 395 1919 legibus
418 1836 579 1901 stabilita?
603 1839 649 1900 At
670 1837 720 1900 vel
743 1838 788 1901 sic
806 1842 914 1902 tamen
926 1839 1106 1902 animorum
1118 1860 1203 1902 com-

191 1950 365 2028 motiones,
401 1949 516 2032 quibus
547 1957 615 2014 tota
646 1950 712 2014 fere
741 1952 870 2033 Europa
903 1951 1120 2035 perturbatur,
1154 1952 1204 2016 his

192 2083 319 2144 quoquc
341 2064 376 2126 in
399 2063 581 2147 regionibus
605 2064 804 2147 gravissimas
827 2070 937 2128 creant
954 2064 1123 2129 molestias.
1136 2067 1204 2128 No-

190 2175 239 2240 bis
271 2198 398 2259 quoque
426 2178 462 2241 in
492 2179 565 2241 sinu
596 2184 672 2242 sunt
677 2225 687 2256 ,
712 2178 767 2260 qui
791 2198 899 2255 omne,
924 2178 1010 2260 quod
1032 2185 1089 2242 aut
1110 2177 1204 2242 rebus

190 2289 325 2374 publicis
358 2291 513 2368 salutare,
537 2297 594 2354 aut
613 2290 801 2355 mortalibus
820 2311 894 2355 cum
917 2311 1052 2357 cunrsrr
1075 2292 1205 2354 nomine

188 2411 336 2468 sanetum
355 2409 388 2468 et
406 2403 585 2468 venerabile
603 2411 667 2482 est,
686 2404 846 2468 hostiliter
864 2405 1096 2488 aggrediantur.
1109 2403 1205 2468 Prae-

189 2517 282 2600 cipue
304 2537 377 2581 vero
400 2537 509 2580 curam
531 2516 623 2581 nobis
647 2524 689 2602 el.
705 2505 952 2582 sollicitudinem
974 2506 1124 2582 iniiciunt
1149 2519 1205 2582 ho-

188 2630 307 2707 mines,
334 2631 403 2712 qui,
434 2652 493 2693 suo
515 2630 671 2694 arbitratu
692 2632 778 2697 inter
797 2651 932 2694 cnarsrr
953 2638 1123 2695 sectatores
1148 2632 1203 2695 do-

189 2743 304 2807 minari
334 2744 514 2828 cupientes,
546 2745 710 2808 communi
734 2745 867 2809 consilio
890 2745 924 2808 id
950 2746 1137 2822 mohuntur,
1168 2752 1205 2807 ut

188 2856 288 2921 libere
310 2855 349 2920 de
371 2856 465 2921 rebus
488 2858 584 2922 sacris
607 2858 766 2923 sentiendi
786 2858 1002 2940 loquendique
1019 2858 1205 2922 facultatem

189 2970 383 3033 imminuant
405 2970 455 3034 vel
477 2971 600 3035 tollant.
628 2972 691 3035 Sed
710 2971 770 3034 hac
788 2971 824 3034 in
843 2992 937 3035 scena
955 2972 1041 3054 apud
1059 2993 1118 3035 nos
1131 2994 1204 3037 ean-

190 3081 263 3145 dem
293 3088 389 3164 atque
418 3083 494 3146 ahbi
517 3084 713 3166 tragoediam
736 3085 803 3168 agi,
827 3084 886 3149 tibi
909 3085 1051 3169 profecto
1074 3106 1201 3149 narrare

189 3216 256 3258 non
286 3216 366 3279 opus
393 3201 449 3260 est.
480 3197 524 3259 Et
542 3197 629 3261 nosti
651 3197 739 3260 haud
761 3196 873 3275 dubie,
897 3198 1064 3280 plerosque
1086 3197 1202 3281 prima-

190 3329 262 3372 rum
284 3309 424 3392 partium
448 3316 584 3387 actores,
607 3311 683 3375 lieet
705 3311 826 3394 ingenii
845 3309 990 3388 dotibus,
1013 3312 1205 3393 autgeneris

190 3420 372 3499 nobilitate,
388 3430 445 3486 aut
455 3424 623 3506 probitatis
635 3425 721 3488 fama
732 3423 936 3507 splendeant,
948 3403 1125 3508 Theologos
1138 3446 1203 3487 non

181 3555 275 3611 esse,
298 3541 418 3600 ceteros
437 3536 503 3600 fere
522 3557 648 3614 omnes,
672 3542 830 3619 quotquot
848 3537 935 3601 velut
954 3537 1026 3601 altis
1041 3537 1207 3600 cothurnis

192 3647 356 3726 incedant,
387 3649 594 3733 Theologiam
621 3650 671 3714 vel
702 3634 854 3714 alimine
883 3656 1011 3714 tantum
1037 3651 1206 3728 salutasse,

193 3760 242 3825 vel
264 3762 371 3826 minus
391 3784 500 3827 verum
524 3784 562 3827 ex
583 3763 723 3828 tenebris
746 3764 892 3841 eruendi,
912 3785 1009 3845 quam
1020 3763 1136 3847 placita
1152 3786 1210 3827 sua

194 3874 306 3939 tuendi
336 3896 432 3941 causa
461 3883 621 3941 tractasse.
656 3879 789 3941 Necte
819 3877 929 3960 fugere
957 3883 1078 3961 potest,
1114 3898 1209 3959 qnam

195 3987 296 4053 amice
328 3989 375 4052 illi
404 4010 478 4054 eum
512 3990 707 4074 quibuslibet
728 3991 920 4056 {traditionis
943 3991 1070 4055 Veteris
1103 3996 1209 4072 patro-

195 4102 245 4164 nis
279 4103 478 4187 conspirent,
507 4109 545 4167 ut
575 4104 722 4169 omnihus
753 4106 787 4169 in
818 4103 980 4169 doctrinae
1011 4102 1211 4166 Christianae

196 4215 406 4299 explicatione
426 4219 643 4302 progressibus
666 4218 861 4284 obnitantur.
884 4216 1092 4282 Nostratibus
1111 4218 1210 4301 igitur

195 4326 282 4397 haud
305 4350 395 4395 secus
418 4354 514 4415 quam
528 4333 707 4398 saxonibus
725 4333 860 4415 aliisque
880 4333 1062 4409 Germanis,
1081 4331 1136 4394 ubi
1151 4330 1206 4392 de-
