2656 4890
163 267 226 335 122
438 283 706 337 lucnnuannnrrc
732 283 822 337 teat·
836 265 899 337 27.

174 510 177 515 .
205 455 325 536 Itaque
344 471 487 530 raucus,
507 451 595 535 quod
616 452 706 516 Deus
728 450 983 533 ferentinum
1005 451 1097 533 iussn
1108 475 1184 535 sup

160 567 312 633 animalia
337 567 466 650 quaeris
491 585 628 642 sunno,
651 565 755 648 primo
781 564 966 644 homiuum,
989 565 1182 649 subiicemt,

159 681 248 749 haud
266 700 357 746 secus
374 702 472 763 quam
490 699 632 743 nrv1n1s
652 676 761 755 verba,
776 677 818 742 ad
833 697 1022 757 cnmsruu,
1039 680 1183 759 alterurn
1252 658 1262 677 ’

159 814 324 871 eunucu,
335 815 392 879 per
402 793 599 877 Allegcriam
610 797 812 869 convertens,
825 793 1183 876 Breviloquentiansus

160 913 210 977 cat
231 909 280 975 sic
300 906 489 992 supplenda:
512 908 625 971 Omnia
643 907 722 970 enim
740 907 768 969 rt
786 905 876 971 verbo
893 926 949 971 raro
966 907 1092 973 muner
1110 907 1131 974 i.
1152 929 1182 973 e

158 1022 292 1087 andreia
314 1043 375 1087 erre
396 1021 502 1087 dedere
524 1022 603 1084 dicit
624 1021 716 1085 Deae.
739 1018 942 1085 Vocabulum
966 1010 1087 1091 πάντα
1099 1043 1182 1089 non

159 1135 264 1201 solum
290 1134 422 1200 denotat
448 1135 598 1218 quidquid
622 1154 713 1216 repro
740 1153 875 1197 cunisrr
901 1154 935 1224 se
957 1137 1096 1217 opponit,
1119 1135 1182 1207 sed

160 1249 258 1315 etiam
275 1249 425 1332 quidquid
441 1249 484 1311 cd
499 1250 555 1312 hoc
573 1268 699 1330 reptant
707 1248 850 1329 pertinet.
868 1246 1024 1315 Similiter
1037 1247 1180 1315 vccabu-

158 1363 228 1427 lum
252 1361 333 1427 illud
359 1366 550 1446 usurpatum
575 1367 625 1425 est
643 1362 725 1442 Epis.
749 1362 783 1424 I:
806 1361 1183 1433 22.Hehr.11:8.1tt

56 1500 59 1507 ·
158 1476 321 1542 Particula
337 1467 409 1568 peip
424 1475 553 1539 maioris
569 1473 789 1557 amplitudinis
806 1494 874 1539 esse
890 1473 997 1552 docet,
1013 1475 1101 1560 quod
1113 1477 1183 1545 hcc

157 1591 244 1668 loco,
263 1611 361 1672 quam
380 1610 440 1653 vss.
458 1591 518 1665 25,
538 1590 581 1652 26
599 1587 725 1670 legitur.
743 1589 843 1652 Nunc
860 1587 961 1671 igitur
978 1595 1091 1655 auctor
1107 1611 1181 1655 non

157 1709 286 1769 tautum
300 1702 434 1786 probare
447 1700 589 1779 studuit,
602 1721 712 1765 omnes
728 1700 923 1766 adversarios
939 1721 1084 1767 cumano
1099 1702 1182 1769 sub-

157 1816 278 1882 iectuni
296 1821 329 1881 et
346 1821 483 1881 mortem
501 1815 698 1881 exstinctum
714 1814 772 1895 iri,
786 1815 836 1903 nti
850 1821 925 1901 post
943 1816 1023 1881 alios
1040 1823 1182 1883 conten-

159 1930 276 2003 derunt
289 1933 485 1995 nucerinus
500 1935 534 1994 et
549 1948 721 1993 urrunnun.
735 1929 800 1995 Sed
810 1929 914 1995 multo
925 1930 1027 2015 magis
1042 1930 1079 1995 id
1094 1931 1181 2017 egit,

157 2051 196 2109 ut
221 2044 383 2128 probaret,
406 2065 467 2111 non
488 2045 578 2108 atter
592 2045 668 2129 fieri
684 2063 789 2127 porse,
812 2045 886 2127 quin
908 2062 1070 2131 cunisrus
1088 2045 1193 2127 Den‚.

156 2158 248 2223 cuius
259 2159 350 2225 iussu
362 2156 511 2223 omnibus
525 2157 703 2243 praefectus
717 2157 775 2234 sit,
788 2177 914 2239 neptum
929 2159 1094 2241 αἰὶᾳααπάο
1106 2165 1183 2227 tra·

156 2274 224 2350 dat,
246 2273 315 2357 ipse
340 2292 474 2355 regnare
496 2270 654 2335 desinens.
678 2271 779 2335 Quod>
797 2292 900 2355 nuper
921 2291 1051 2337 werric
1075 2272 1181 2339 etiam

156 2392 191 2451 et
212 2405 384 2450 osrrsnuc
405 2385 511 2449 visum
533 2368 596 2462 est,
615 2385 681 2449 iam
697 2390 798 2449 'antea
817 2405 1021 2464 scrutinio,
1040 2405 1181 2459 remo

155 2499 305 2582 aliisque,
322 2521 398 2563 cum
415 2496 627 2577 nostratibus,
641 2503 712 2563 tum
731 2498 856 2563 exteris.
876 2499 931 2565 Sic
948 2505 1059 2571 antem
1074 2500 1180 2587 intel<

155 2613 283 2697 ligitur,
301 2612 380 2696 quid
399 2612 486 2676 inter
503 2610 635 2676 verbnm
653 2602 828 2690 ὑπέταξεν
845 2611 976 2677 intersit
993 2618 1026 2689 et
1036 2633 1180 2698 pracce-

157 2727 266 2793 dentia
285 2725 343 2818 θῇ
365 2732 399 2791 et
416 2731 655 2820 καταργεῖται.
672 2726 817 2809 Apparet
833 2725 947 2791 itidem
963 2726 1046 2793 illud
1064 2729 1178 2811 neuti7

155 2864 254 2926 quarn
280 2839 450 2925 impedire,
481 2839 654 2922 quominus
682 2839 762 2904 haec
792 2840 973 2911 efficacitati
998 2842 1078 2920 Dei,
1105 2863 1179 2923 nou

155 2973 308 3032 cnarsnr,
322 2952 513 3018 tribuantur.
527 2953 618 3018 Deus
636 2953 739 3031 enim,
754 2954 811 3037 qui
830 2953 930 3023 semel
949 2954 1048 3045 dixit,
1058 2957 1179 3043 ‚arania

155 3087 299 3133 cnarsno
320 3065 464 3132 subiecta
485 3087 555 3132 esse
578 3066 706 3146 debere,
728 3067 761 3131 vi
783 3089 843 3137 sua
864 3068 968 3136 faeere
992 3069 1178 3153 censendus

94 3253 100 3269 ,
155 3189 218 3262 est,
239 3188 279 3247 ut
300 3181 423 3247 dictum
445 3203 541 3245 suum
563 3187 713 3247 eventum
735 3182 900 3261 sortiatur,
921 3183 1024 3249 donec
1042 3183 1105 3271 iile
1123 3205 1177 3267 roz

154 3318 254 3382 gnum
269 3294 331 3361 sibi
345 3295 574 3361 demandatum
584 3296 657 3360 Deo
671 3294 797 3361 tradere
810 3297 921 3380 possit.
935 3298 982 3361 Et
994 3318 1070 3384 vero¹
1083 3319 1177 3387 nunc

155 3410 357 3495 perspicutnn
379 3414 442 3488 est,
462 3429 519 3473 cur
540 3409 661 3473 Paulus
684 3429 741 3492 pro
763 3401 938 3488 ὑπέταξεν
959 3402 981 3478 ὃ
1008 3402 1094 3499 Θαὶς
1108 3409 1177 3499 καὶ

152 3514 284 3616 Πατήρ
304 3522 463 3605 scripserit
481 3527 610 3587 tantum
627 3513 811 3601 ὑπέταξεν.
827 3524 933 3587 Causa
949 3524 1120 3609 nempegin
1131 3508 1176 3593 'ec
1203 3540 1206 3547 '

152 3637 308 3713 cernitur,
326 3635 415 3718 quod
434 3633 530 3703 verba
551 3634 608 3727 θῇ
631 3643 664 3700 et
681 3643 909 3729 καταργεῖται
911 3690 925 3724 ,
943 3638 1023 3703 item
1042 3659 1176 3723 praec&

152 3749 231 3816 dens
248 3740 473 3842 καταργήσῃ,
491 3750 591 3813 Deum
612 3756 641 3814 et
658 3752 785 3814 Patrem
802 3757 965 3836 spectant,
984 3753 1092 3823 vs124
1111 3774 1176 3837 no-

151 3864 300 3929 minatim
318 3862 495 3927 laudatum.
1089 3940 1093 3949 Ι
1115 3922 1118 3929 .
1153 3922 1157 3951 ἱ
1167 3916 1173 3929 ,

193 3979 245 4042 Ex
270 3977 375 4041 adhuc
400 3975 587 4060 disputatis,
602 3978 640 4043 si
668 3983 755 4055 recte
781 3998 816 4044 se
841 3977 980 4055 habent,
1005 3980 1173 4067 sequitur,

149 4089 244 4155 verba
266 4082 359 4161 ὅταν
384 4085 426 4159 dd
451 4085 547 4181 εἴπῃ,
572 4082 628 4161 ὅτι
653 4083 773 4161 πάντα
797 4083 1033 4171 ὑποτέτακται
1048 4113 1174 4182 reapse

149 4204 260 4269 eodem
275 4203 378 4267 redire
393 4225 429 4267 ac
444 4203 666 4286 praecedentia
680 4197 799 4275 πάντα
814 4195 990 4284 ὑπέταξεν
1001 4197 1072 4276 ὑπὸ
1083 4198 1174 4289 τοὺς

149 4309 263 4394 πόδας
285 4307 409 4387 αὐτοῦ.
433 4317 582 4383 doristus
605 4322 734 4381 tentum
760 4319 918 4402 excipitur
944 4320 1108 4399 Perfecto,
1133 4326 1172 4384 ut
