2656 4890
442 310 708 357 rsrsnsrsrsrro
732 311 824 357 vrrs
845 295 898 358 51.
1112 296 1176 361 215
1280 353 1286 366 ,

157 501 286 558 neruus,
321 498 403 562 quse
425 479 488 545 hoe
514 480 586 544 loco
610 479 770 564 leguntru.
801 480 960 564 Equidem
982 481 1084 547 aliurn
1105 501 1174 551 ver·

156 593 288 670 herrm,
305 583 412 678 1δού,
426 584 631 686 μυστήριον
648 584 740 682 ὑμῖν
761 593 855 684 is'yw
872 613 1002 661 sensum
1020 613 1086 661 non
1105 614 1174 665 esse

155 705 305 783 arbitror,
324 722 424 789 quarn
445 706 509 770 hnc
530 705 730 771 redeuntem:
755 706 910 773 Attendite
935 709 1088 787 mosum:
1120 728 1173 773 ur·
1231 766 1234 772 .

154 839 281 898 monor,
297 819 386 902 :prod
405 821 548 901 temporis
562 819 673 901 futuri
694 819 844 886 οὸὲοσΐιιηι
861 826 907 884 est
927 821 1094 899 iwanno,
1121 841 1173 889 so

108 961 111 968 ·
156 933 274 1001 &num
293 934 486 998 oommsmoo.

200 1028 300 1111 Nunc
331 1065 405 1110 vero
438 1045 582 1128 seqnitur
602 1044 708 1122 locus,
743 1046 798 1127 qui
832 1045 925 1110 nobis
955 1045 1076 1113 indicio
1107 1053 1172 1124 est,

152 1164 313 1240 qnantum
344 1158 493 1224 licentiae
523 1160 657 1223 Veteres
685 1157 747 1223 sibi
776 1159 952 1225 sumserint
978 1159 1020 1224 sd
1045 1160 1172 1226 Literns

155 1273 270 1337 suras
286 1291 362 1336 oum
376 1270 626 1354 plsoitissnisiu
643 1270 846 1337 concordiem
864 1271 1060 1355 redigendos
1075 1271 1173 1338 Haud

153 1384 250 1468 penei
266 1381 571 1468 libri,.qusmquurn
591 1383 679 1451 inter
700 1403 734 1449 se
757 1383 988 1468 discrepantes,
1017 1370 1174 1451 buotenus

154 1503 265 1561 tumen
282 1503 394 1563 contro
412 1496 598 1562 Editionem
620 1499 795 1580 Receptum
816 1498 1019 1582 conspirent,
1038 1503 1077 1562 nt
1093 1499 1172 1562 Per-

154 1609 289 1675 tioubm
319 1615 496 1694 negantem
524 1601 572 1680 οὐ
594 1611 631 1675 'm
656 1610 800 1694 Apodosi
825 1609 974 1677 hebeont
1011 1609 1077 1677 Sed
1112 1610 1175 1674 hoc

95 1721 98 1725 ’
153 1728 336 1807 propterea,
367 1729 406 1788 ut
427 1730 503 1808 post
523 1741 662 1800 nsrrun,
693 1742 925 1801 nsrrnsnun,
953 1742 1173 1787 srnnsornuu
1260 1709 1264 1715 ’

152 1835 298 1919 uberque
319 1835 401 1902 bene
422 1837 551 1901 monuit
572 1856 756 1914 osmnnsn,
779 1837 855 1903 ferri
877 1837 1005 1920 nequit,
1029 1837 1117 1921 quod
1134 1857 1174 1903 eo

152 1949 279 2015 tollitur
299 1969 418 2027 nexus,
451 1968 517 2032 quo
539 1970 584 2015 vs.
608 1952 650 2015 52
677 1969 752 2013 oum
776 1952 815 2015 51
839 1949 999 2017 nobseret.
1031 1949 1173 2028 Deinde,

152 2063 193 2129 in-
210 2062 370 2129 vocabulis
392 2054 440 2134 οὐ
460 2055 590 2143 πάντες
612 2063 661 2127 its
678 2061 926 2139 connectendir,
950 2068 988 2126 ut
1009 2063 1071 2129 hoc
1092 2062 1175 2127 illud

150 2173 924 2258 sequstnr,Grnmmntioorumseproduntstudis.
932 2173 1020 2257 Ergo
1029 2193 1173 2239 enorrus

153 2288 332 2354 andiendus
350 2309 417 2355 non
435 2294 501 2368 oet,
515 2288 732 2363 ubiosumn
750 2287 912 2372 scripsisse
925 2286 1107 2355 contendit:
1128 2285 1174 2360 Oi

152 2393 281 2481 πάντες
295 2402 367 2492 μὲν
381 2394 428 2474 οὐ
437 2391 764 2495 κοιμήθησόμεθα,
770 2392 819 2473 οὐ
828 2392 962 2481 πάντες.
969 2395 994 2471 ὃ
994 2401 1011 2475 ὲ
1020 2391 1173 2495 ἀλλαγη·

152 2507 311 2605 odmen.
330 2516 428 2582 Quod
449 2516 486 2580 in
506 2516 623 2581 ceteris
645 2521 751 2582 exstet
768 2514 858 2583 libris
878 2513 919 2579 ab
936 2514 1089 2581 Editione
1109 2516 1173 2581 Be·

152 2635 246 2714 cepte
262 2628 504 2696 discedentibus
526 2630 634 2695 minus
664 2635 819 2695 tuntum
834 2634 903 2707 ert,
921 2649 1022 2712 quem
1039 2632 1079 2691 nt
1096 2647 1171 2693 con-

152 2742 286 2810 siderari
299 2750 459 2809 mmesurr
474 2745 511 2826 ¹).
523 2744 569 2808 At
584 2743 788 2826 gravissimae
802 2761 917 2807 consue
927 2745 1006 2806 sunt
1016 2740 1172 2807 orationis

152 2855 195 2922 ed
207 2856 304 2921 huius
322 2857 484 2921 Editionis
503 2876 650 2920 normam
667 2853 919 2921 constituendae.
936 2853 991 2919 Sio
1010 2853 1098 2919 enim
1108 2853 1171 2918 Co-

152 2969 251 3036 dioes-
264 2971 429 3054 sequimur
450 2969 553 3034 bonos
574 2976 608 3034 et
628 2969 794 3063 antiquos,
818 2969 953 3048 Petrum
975 2968 1171 3033 Graecorum

152 3083 325 3168 plurimos,
343 3086 557 3168 Interpretem
576 3086 710 3167 Syrum,
729 3101 796 3144 uno
815 3080 911 3146 verbo
925 3062 1094 3167 plerosque
1104 3083 1171 3146 Ve

152 3202 273 3274 terum,
289 3219 386 3282 pones
405 3218 486 3280 quos
505 3199 565 3261 hec
583 3196 618 3260 in
636 3196 694 3261 lite
713 3195 821 3277 eliqua
834 3194 913 3259 fides
929 3200 986 3259 est.
1001 3195 1172 3259 Praetores

152 3311 232 3377 sutis
247 3311 451 3395 perspicuum
468 3316 532 3388 est,
552 3310 699 3375 homines
718 3308 796 3371 olim
813 3307 902 3373 hunc
919 3308 1028 3372 locum
1045 3307 1169 3373 adulte

151 3443 254 3502 resse,
280 3445 322 3489 ne
352 3441 481 3490 rsuuus
512 3422 704 3508 praedixisse
732 3426 925 3499 censeretur,
951 3420 1039 3504 quod
1060 3421 1111 3487 vel
1135 3422 1170 3485 in

152 3537 347 3615 doctrinam,
364 3558 475 3603 omnes
488 3556 601 3601 susm
617 3542 761 3621 posteros
773 3535 945 3601 morituros
961 3553 1046 3612 esse,
1062 3535 1170 3599 incur·

150 3656 251 3729 roret,
264 3650 316 3716 vel
331 3656 449 3717 eventu
462 3649 705 3735 comprobatum
719 3671 786 3713 non
800 3654 892 3714 esset.
909 3648 1057 3712 Fortasse
1071 3649 1169 3714 etism

150 3764 299 3843 fuerunt,
325 3765 382 3848 qui
411 3765 454 3829 ed
478 3765 692 3829 mutationem
718 3763 897 3827 faciendam
923 3762 1170 3846 perducerentur

149 3878 318 3962 opinione,
336 3879 419 3942 nihil
440 3877 530 3942 uliud
551 3898 590 3943 ex
611 3876 715 3942 verbis
738 3877 875 3961 exempli
897 3876 948 3939 sui
971 3875 1039 3939 erui
1061 3895 1169 3960 posse,

149 4013 249 4075 quum
282 3993 476 4057 sententium
507 3990 591 4056 hunc
619 3971 867 4056 intolerabilem:
895 3986 992 4052 Nemo
1017 3993 1168 4067 nostrum,

153 4135 312 4147 επακ-ια...

186 4204 209 4265 ι)
226 4205 360 4257 Memoriae
375 4206 444 4268 lapsu
460 4205 501 4254 vel
515 4203 604 4255 enlrni
618 4201 678 4267 vido
691 4201 784 4251 fuctum
798 4207 849 4263 est,
858 4172 893 4251 'ut
906 4172 1048 4255 osrssnnu
1062 4201 1089 4249 in
1103 4201 1170 4252 libris

149 4283 224 4334 etism
239 4285 356 4335 Votorum
373 4285 422 4348 legi
439 4282 566 4333 scriberet:
582 4275 681 4338 Πάντες
697 4279 747 4347 μὲν
764 4271 1060 4344 ιῖνασιὴσονται,ιιᾶντες
1079 4274 1107 4328 δὲ
1125 4275 1169 4333 οὒκ

148 4355 335 4428 dimersas.
