2656 4890
148 319 170 361 X
445 315 603 358 EPIS'POLA
628 316 672 356 AD
696 315 870 358 WINERUM.

122 491 126 497 '
149 484 333 548 denduesse
348 482 576 567 persuaserint,
588 504 817 566 usquequaque
828 485 1048 569 propaganda?
1059 486 1163 550 Quid-

149 597 227 680 quid
246 617 320 662 vero
330 597 445 660 harum
455 616 562 660 rerum
573 601 637 674 est,
648 597 884 662 intolerabilem
895 597 977 663 duco
991 600 1168 682 arroganti-

123 722 127 732 '
149 732 202 777 am
212 711 395 789 hominum,
408 710 464 792 qui
474 710 511 773 in
521 709 696 794 Theologia
707 731 879 795 puerorum
891 717 924 776 et
934 711 1109 776 infantium
1115 713 1166 777 in-

150 831 216 889 ster
237 822 329 903 sunt,
353 829 386 888 et
408 823 448 887 de
471 824 539 888 eius
558 828 668 888 tamen
686 823 843 908 capitibus
862 831 1018 908 tanquam
1038 829 1171 909 paterna

149 938 307 1023 gravitate
317 937 486 1002 decernere
497 936 626 1002 audent.
638 938 820 1001 uersatam
830 937 982 1022 indignor
992 938 1169 1003 multorum

151 1039 218 1115 tam
254 1051 405 1136 patriciae
442 1071 539 1133 qnam
572 1050 715 1135 plebeiae
745 1051 869 1136 stirpis,
894 1051 956 1116 ‘ubi
986 1051 1168 1117 semidoctis

150 1184 246 1229 auree
275 1165 436 1249 popularis
466 1163 697 1249 captatoribus,
728 1165 807 1247 quin
829 1165 925 1229 meris
948 1165 1047 1229 etiam
1068 1186 1170 1249 nuga-

150 1277 275 1342 toribus
297 1284 481 1363 propterea,
504 1278 592 1360 quod
613 1283 700 1343 recte
722 1277 875 1343 derebus
894 1280 991 1343 sacris
1010 1279 1171 1344 sentiendi

96 1377 98 1382 ’
151 1393 272 1456 famam
312 1391 449 1468 habent,
490 1391 550 1456 hac
591 1392 626 1454 in
661 1391 828 1477 disciplina
859 1392 1074 1476 principatum
1107 1391 1173 1457 lere

63 1492 64 1495 ¹
121 1578 123 1585 Α
152 1505 342 1570 attribuunt
372 1505 592 1572 Quamobrem
621 1525 687 1568 non
717 1505 809 1570 valde
838 1506 948 1583 miror,
977 1505 1171 1581 identidem,

152 1620 251 1684 etism
278 1620 364 1684 inter
393 1625 568 1696 nostrates,
598 1618 701 1682 audiri
731 1639 824 1683 voces
847 1619 993 1684 societati
1015 1619 1171 1684 Christia—
1266 1656 1267 1660 =

151 1753 213 1798 nae
241 1732 526 1798 increbrescentem
555 1732 791 1816 superstitionis
820 1732 990 1816 caliginem
1012 1750 1171 1817 praenun-

153 1847 283 1910 cientes.

199 1959 264 2025 Sed
292 1959 343 2022 his
365 1958 512 2036 vocibus,
542 1966 581 2023 ut
603 1980 662 2044 ego
684 1980 751 2024 non
773 1958 951 2043 perturbor,
974 1960 1020 2022 sic
1042 1965 1091 2035 te,
1115 1959 1175 2022 Vir

156 2074 301 2138 Summel
339 2093 404 2155 quo
426 2072 503 2136 forti
525 2073 633 2137 animo
656 2094 705 2150 es,
728 2073 863 2137 minime
891 2071 1113 2156 perturbatum
1132 2072 1173 2134 iri

155 2186 229 2251 scio.
254 2186 393 2251 Meliora
418 2185 567 2251 videlicet
591 2206 651 2250 nos
673 2206 693 2249 a
715 2186 836 2251 Divino
854 2186 952 2250 huius
972 2184 1086 2250 mundi
1110 2186 1173 2250 Re-

155 2305 243 2364 ctore
264 2320 443 2383 speramus,
463 2320 561 2383 quam
582 2305 621 2363 ut
641 2301 873 2384 ignorantiam,
896 2320 978 2382 quae
999 2300 1176 2384 praesentis

155 2412 233 2477 mali
270 2414 528 2496 praesentissima
555 2435 652 2478 causa
682 2419 744 2491 est,
775 2419 1033 2498 recuperaturum
1057 2413 1174 2486 ‚creda-

155 2546 228 2591 mus
232 2574 242 2605 ,
268 2526 426 2610 quidquid
447 2527 572 2611 imperii
593 2528 629 2591 in
651 2528 775 2590 animos
797 2526 947 2590 amiserit
971 2528 1055 2590 'lum
1076 2527 1173 2610 ipsas,

155 2660 236 2722 quas
258 2640 389 2705 liberale
410 2640 604 2724 'l'lreologiae
626 2640 770 2703 studium
792 2639 970 2702 multorum
997 2640 1034 2702 in
1056 2640 1174 2703 menti-
1226 2631 1230 2636 ’

155 2753 216 2818 bus
242 2754 308 2836 egit
335 2759 368 2817 et
390 2752 534 2836 qnotidie
555 2773 649 2837 agere
670 2753 788 2837 pergit,
810 2752 931 2816 radices
954 2752 1082 2817 altiores
1105 2771 1175 2818 esse

156 2867 318 2945 novimus,
337 2850 438 2949 *quam
460 2874 498 2931 ut
520 2867 549 2932 ei
571 2867 744 2931 metienda
766 2867 810 2930 sit
819 2867 886 2929 ulla
896 2865 991 2930 labes.
1010 2867 1056 2929 Et
1065 2886 1175 2930 nonne

156 2981 273 3044 horum
303 2979 426 3044 dierum
456 2980 649 3065 conspiratio
680 2981 722 3044 ad
737 2979 939 3064 disciplinam
960 2979 1061 3043 veluti
1090 2984 1175 3043 cate-

157 3095 209 3157 nis
234 3093 515 3178 constringendam
545 3095 623 3158 satis
649 3115 767 3178 magna
788 3115 827 3158 ex
849 3099 940 3178 purte
962 3093 1038 3156 hinc
1061 3093 1174 3169 oritur,

158 3207 245 3290 quod
273 3208 497 3291 plerorumque
530 3208 681 3291 segnities
710 3229 729 3270 a
758 3205 976 3290 progressibus
1005 3205 1177 3288 sequendis

158 3320 327 3386 abhorrere
349 3322 450 3386 solet?
473 3322 634 3404 Equidem
654 3321 780 3397 nescio,
804 3341 845 3383 sn
867 3320 964 3382 huius
986 3321 1032 3382 rei
1056 3319 1177 3402 cogita-

84 3485 85 3488 *
158 3435 206 3497 tio
235 3435 307 3518 plus
338 3435 380 3498 sd
401 3435 602 3518 erigendum,
625 3456 723 3518 quarn
744 3433 786 3496 ad
808 3433 1051 3517 deprimendum
1074 3433 1180 3497 valeat

160 3549 318 3625 animum,
357 3550 543 3632 praesertim
569 3547 782 3613 recolentibus
813 3547 910 3625 illud,
940 3545 1028 3628 quod
1051 3547 1179 3629 elegan-

159 3667 210 3725 ter
248 3660 335 3746 apud
375 3681 593 3725 messuerunt
633 3664 819 3725 Permeaoai
857 3659 984 3736 dicitur,
1020 3656 1179 3742 quidquid

159 3774 236 3838 boni
257 3775 292 3838 in
314 3776 381 3839 vita
402 3777 545 3840 humana
555 3778 613 3853 sit,
635 3775 670 3838 id
688 3776 766 3859 ipsis
789 3795 828 3839 ex
851 3773 1179 3856 malisprogenerari.

160 3888 278 3970 Itaque
303 3908 376 3951 cum
399 3888 439 3953 iis
457 3891 637 3967 consentio,
656 3890 712 3972 qui
730 3890 845 3954 horum
864 3892 1046 3971 temporum
1064 3885 1180 3948 faciem

159 4000 333 4083 imaginem
362 4003 478 4068 referre
507 4010 624 4089 putant
651 4004 793 4088 corporis
821 4000 902 4065 febri
928 3998 1119 4074 laborantis,
1141 4004 1181 4060 ut

161 4114 294 4177 exoretis
322 4117 425 4199 pravis
455 4117 644 4182 humoribus
675 4117 716 4180 ad
759 4116 930 4181 sanitatem
964 4113 1099 4197 pristina
1123 4110 1178 4174 fir-

160 4226 294 4291 miorem
315 4229 515 4312 perducatur.
544 4234 598 4296 An
621 4233 720 4297 serius
734 4231 822 4295 ocins
833 4227 1012 4293 medicinae
1030 4225 1181 4290 nonnihil

161 4339 299 4404 allatura
319 4343 362 4405 sit
383 4344 452 4422 illa,
476 4353 513 4409 ut
537 4348 660 4410 Graeco
684 4342 837 4410 vocabulo
861 4347 943 4417 utar,
974 4338 1180 4431 φιλανθρω-
