2656 4890
444 322 713 368 rrrsnrnsrsrro
739 324 831 369 viras.
854 308 905 370 28.
1120 310 1183 372 129

154 494 221 572 tio,
241 491 360 559 ulium
382 492 454 558 Deo
478 499 511 557 et
529 464 621 556 Patri
637 489 818 556 subiectum
835 492 889 570 iri,
909 496 1018 572 utils,
1041 497 1094 578 qui
1112 503 1181 560 onte

154 624 335 671 cuarsrnu
358 609 417 670 too
437 608 471 669 in
491 613 578 670 terra
599 608 712 671 ueram
733 610 817 683 suat,
839 608 886 670 oet
906 627 973 670 eum
993 609 1099 672 oedem
1120 629 1180 674 oon

153 725 374 804 mmet,
392 720 483 785 Deus
505 719 615 783 omnia
636 719 686 783 sit
707 720 874 783 Gsanssn
898 726 1007 785 autem
1028 720 1179 786 aliorum-

153 852 223 917 que
248 831 437 916 disputatio,
464 832 619 896 vocabula
644 832 685 903 ἐν
709 833 822 904 πᾶσιν
848 852 1021 896 cuarsrmr
1047 835 1179 918 eiusque

152 951 331 1012 sectatores
353 945 473 1030 pariter
494 944 777 1031 comprehendere,
801 945 977 1011 admodum
998 969 1122 1026 vereor,
1141 955 1180 1013 ut

151 1065 305 1124 constare
324 1058 428 1143 possit
450 1079 524 1122 cum
546 1057 822 1143 praecedentibus:
847 1051 926 1130 τότε
948 1056 1009 1131 καὶ
1030 1051 1178 1141 αὖτὸςὸ

150 1164 232 1265 pto:
251 1162 531 1266 ὑποταγήσεται,
550 1173 658 1256 prouti
677 1191 715 1237 ea
733 1193 829 1257 supra
847 1173 991 1257 exposita
1009 1181 1094 1240 sunt
1116 1175 1180 1240 Sed

150 1287 301 1371 quamvis
324 1285 401 1349 satis
423 1291 548 1350 certum
571 1291 633 1364 est,
653 1307 691 1350 ea
713 1285 755 1350 ad
777 1284 862 1350 solos
886 1306 1022 1350 cumam
1041 1294 1178 1353 sectato-

150 1420 206 1464 res
231 1398 398 1464 referenda
423 1419 506 1480 csse,
528 1419 570 1463 ne
597 1399 646 1463 vel
673 1399 720 1463 sic
741 1405 851 1464 tamen
874 1399 1011 1464 dncmta
1033 1403 1179 1485 quaestio

151 1518 220 1590 est,
239 1511 319 1595 quid
338 1531 467 1575 rsunus
485 1512 547 1576 sibi
566 1512 718 1590 voluerit,
738 1534 839 1595 quum
858 1512 1020 1578 scriberet:
1036 1513 1097 1585 ἵνα
1115 1507 1139 1607 ᾗ
1157 1509 1177 1584 ὁ

155 1617 244 1706 Θεός
267 1616 340 1711 [τὰ]
363 1617 485 1697 πάντα
507 1625 548 1696 ἓν
569 1627 690 1697 πᾶσιν.
711 1626 861 1692 Fortasse
879 1627 1055 1711 Apostolus
1074 1626 1178 1693 verbis

151 1760 234 1804 usus
264 1743 326 1817 est,
354 1759 437 1821 quae
466 1760 578 1803 sensus
608 1739 681 1823 quis
708 1738 871 1804 obscurior
897 1740 927 1805 ei
952 1742 1054 1825 magis
1081 1763 1177 1825 quam

150 1851 312 1917 meditata
335 1853 382 1917 rei
407 1852 560 1937 cogitatio
585 1851 784 1936 suggerebat.
808 1853 896 1917 Hinc
921 1853 956 1917 in
981 1863 1177 1919 commenta-

150 1965 221 2031 rios
249 1965 329 2030 satis
357 1966 477 2030 multos
506 1965 671 2029 transisse
700 1965 828 2028 videtur
857 1966 1079 2050 interpretatio
1109 1973 1177 2032 tam

151 2100 237 2163 vaga
261 2084 295 2143 et
319 2079 455 2158 incerta,
477 2085 516 2144 ut
541 2081 644 2143 varias
670 2078 846 2143 sententias
873 2099 912 2143 ex
933 2079 1046 2144 ordine
1067 2100 1177 2145 recen-

151 2212 226 2257 sere
258 2192 395 2256 arduum
427 2193 477 2256 sit.
511 2191 611 2258 Quod
643 2213 728 2256 novo
763 2192 947 2277 nuperrime
984 2191 1177 2258 documento

152 2306 299 2370 ostendit
329 2325 512 2384 ominosa,
540 2306 656 2390 quiin
683 2305 814 2390 optione
838 2303 986 2370 facienda
1010 2306 1178 2372 fluctuavit

150 2420 233 2504 ipse.
259 2420 426 2484 Hactenus
452 2419 605 2484 Virorum
630 2419 811 2484 Doctorum
836 2419 955 2504 placita
980 2419 1178 2505 distinguere

151 2552 339 2618 possumus,
365 2537 404 2597 ut
432 2533 487 2596 alii
517 2534 614 2616 ipsias
642 2539 770 2598 tantum
796 2534 856 2598 Dei
880 2532 1039 2598 rationem
1067 2533 1178 2600 haberi

151 2646 351 2731 putaverint3
382 2645 436 2710 alii
470 2647 605 2731 proponi
638 2647 877 2726 contenderint,
906 2647 979 2730 quis
1013 2653 1046 2711 et
1075 2647 1178 2731 qualis

152 2758 246 2824 Deus
281 2759 420 2824 omnibus
455 2760 498 2823 sit
534 2758 575 2824 ab
615 2759 774 2844 Apostolo
812 2760 1069 2825 commemoratis
1074 2785 1084 2839 3
1122 2760 1178 2824 alii

151 2878 316 2956 aramque
340 2873 574 2938 coniunxerint.
600 2873 782 2958 Tripliciter
811 2894 886 2939 vero
915 2879 1082 2958 peccatum
1109 2893 1178 2939 esse

152 2986 271 3070 reperi:
295 2987 487 3065 arctissimo,
511 3008 640 3072 nempe,
664 2988 781 3052 horum
803 2986 973 3053 verborum
995 2993 1028 3053 et
1050 3007 1177 3073 praece-

152 3097 302 3164 dentium
332 3099 542 3166 distmbando
572 3120 672 3178 nexu,-
701 3101 924 3166 imminuenda
955 3103 985 3165 vi
1016 3101 1177 3165 Adiectivi

151 3204 290 3299 πάντα,
318 3212 385 3276 sive
411 3213 526 3291 solius,
552 3235 624 3292 seu,
648 3213 735 3297 quod
760 3211 814 3278 hic
840 3214 954 3279 eodem
979 3214 1077 3289 redit,
1103 3232 1178 3277 cum
1279 3245 1282 3252 ·

151 3325 303 3390 Articulo
332 3317 377 3396 τὰ
407 3327 575 3412 compositi
580 3353 590 3406 3
617 3327 857 3412 Praepositione
886 3325 926 3398 ἐν
957 3326 1095 3410 denique
1120 3346 1177 3391 ne-

152 3438 313 3524 gligenda.
334 3440 395 3504 His
418 3447 528 3505 autern
550 3441 653 3506 tribus
676 3441 838 3519 cavendis,
859 3440 1010 3518 orationi,
1031 3458 1176 3503 morrono

152 3541 291 3636 aliisque
313 3553 462 3631 ducibus,
482 3575 612 3619 sensum
631 3555 823 3632 tribuemus,
843 3554 885 3619 ad
903 3559 1046 3620 mentem
1066 3558 1176 3617 aucto-

152 3666 212 3744 ris,
233 3665 261 3730 si
282 3687 354 3731 eam
376 3688 442 3730 non
465 3669 598 3733 omnino
621 3669 759 3733 assecuti
781 3690 906 3745 sumus,
925 3669 1069 3754 proxime
1088 3686 1176 3731 acce—

153 3777 293 3842 dentem.
312 3781 399 3863 Ergo
420 3780 481 3844 hac
503 3780 640 3845 similive
660 3782 943 3846 circumlocutione
961 3779 1058 3844 verba
1076 3780 1175 3865 expli—

154 3898 280 3956 centur:
301 3900 335 3957 at
356 3913 446 3989 acac,
458 3895 539 3958 aolus
555 3896 640 3959 Dera
658 3897 691 3959 ia
711 3896 847 3959 omnibus
865 3917 885 3958 a
905 3914 1047 3958 cumano
1067 3894 1111 3955 ud
1127 3915 1175 3956 rc-

150 4025 246 4087 9aum
264 4027 353 4070 ecum
372 4008 500 4072 colkctis
517 4011 651 4072 omniura
667 4008 811 4072 bonorum
826 4015 933 4072 auctor
947 4029 1009 4072 eoae
1025 4013 1176 4071 ceremur.

156 4118 322 4184 Postrema
340 4141 402 4185 esse
420 4127 563 4185 cernatur
582 4142 655 4186 curn
671 4121 837 4185 nonnullis
854 4119 1103 4206 Interpretibus‚
1119 4141 1176 4205 pro

157 4231 278 4296 Graeco
301 4225 326 4326 ᾗ
343 4234 449 4319 posui,
469 4255 536 4298 uon
556 4234 687 4318 quidem
706 4240 835 4321 propter
850 4235 998 4326 ⁸enempla
1017 4232 1175 4310 locorum,

157 4342 211 4408 ubi
233 4346 364 4411 verbum
387 4341 478 4419 εἶναι
501 4348 549 4413 vel
573 4348 661 4412 aliud
684 4349 728 4413 sic
755 4349 976 4434 accipiendum
1004 4369 1073 4413 esse
1098 4348 1176 4411 dici-

1032 4472 1043 4507 9
