2656 4890
564 181 568 215 i

431 277 701 349 tunsururrauio
726 302 818 349 vens.
846 290 896 348 50.
1106 287 1171 348 007

152 466 296 567 ‹pdd'p'd
306 466 378 562 ’τὴν
398 465 617 568 ἀφθαρσίαν
632 475 859 565 κληρονομεῖ.
877 471 1008 537 Rectius
1023 471 1174 536 Editores

153 588 367 671 antiquiores·
383 588 562 652 orationem
588 587 803 651 ffisdnxemnt
826 604 923 669 quam
945 602 1172 650 mecuruooa-

154 706 252 778 rius,
275 701 331 784 qui
356 708 430 765 eam‘
453 701 582 785 longius
608 722 627 764 a
654 699 809 784 superiori
824 697 990 776 seiunxit,
1016 699 1082 761 rim
1108 698 1174 761 for·

152 813 264 878 mulae
298 815 412 886 τοῦτο
454 808 499 884 δέ
536 835 632 908 φημι
666 819 699 877 et
739 811 1026 896 argumentationis
1059 811 1173 876 seriem

152 927 263 991 minus
292 928 484 1012 intelligens.
514 929 586 992 Nec
608 943 772 991 uuimaus
795 944 915 991 nexum
940 925 1037 988 huius
1063 944 1171 990 versus

154 1045 196 1105 et
214 1040 473 1124 praecedentium
499 1045 665 1104 essecutus
689 1045 752 1116 est,
779 1038 972 1123 Apostolum
997 1039 1100 1117 aiens,
1121 1059 1171 1103 ra-

153 1152 401 1218 tiocinationem
434 1152 648 1237 decerperis
680 1152 782 1215 futuri
815 1151 1063 1236 proprietatibus
1097 1171 1173 1217 con·

152 1265 285 1332 cludere
329 1265 558 1331 confirmandis
597 1264 820 1350 superioribus·
857 1265 1064 1358 φορέσομεν
1089 1259 1174 1356 τὴν

154 1371 277 1450 ebora
290 1380 358 1451 ausi
373 1373 603 1472 tamarae
615 1379 787 1443 Wrrrruu
798 1384 906 1444 autem
917 1398 1037 1444 errasse
1047 1398 1175 1463 quoque

152 1491 393 1570 contendendo,
423 1512 526 1558 novae
557 1492 784 1576 disputationis
813 1492 944 1557 initium
972 1513 1016 1556 vs.
1047 1494 1085 1557 51
1119 1513 1173 1558 ex-

154 1609 254 1682 stare,
271 1604 372 1684 infin,
391 1602 459 1669 uisi*
474 1605 578 1682 fabor,
597 1604 727 1690 patebit.
748 1605 813 1671 Sed
831 1605 944 1672 itidem
963 1607 1172 1690 Interpretes,

155 1723 318 1800 quotquot
352 1737 427 1783 cum
464 1737 634 1783 osrsunuo
670 1719 834 1803 superiora
869 1740 914 1782 vs.
950 1721 1083 1783 cto-49
1131 1720 1172 1783 ad

156 1830 372 1896 definiendam
391 1839 711 1915 mrporumnatruam
720 1833 894 1910 referrent,
916 1833 1092 1918 perspicere
1106 1852 1173 1897 non

157 1944 300 2027 potuisse
324 1950 418 2029 puto,
445 1944 606 2028 quomodo
633 1946 736 2008 oratio
761 1945 937 2011 cohaereat.
964 1948 1087 2030 Utique
1111 1947 1174 2011 alia

155 2056 237 2121 mibi
270 2057 312 2122 ad
340 2078 461 2122 nexum
491 2058 644 2122 orationis
673 2058 935 2123 constituendum
961 2059 1174 2143 ingrediunda

156 2169 285 2236 videtin
303 2171 368 2236 tia:
394 2173 591 2254 Postquam„
618 2190 749 2256 nempe,
779 2185 909 2237 erutos
938 2172 1077 2256 eorporis
1102 2174 1172 2237 ani-

155 2283 249 2349 m'elis
280 2288 313 2348 et
342 2284 515 2368 spiritualis
540 2284 781 2349 distinotionem
809 2285 1053 2369 comparatione
1076 2285 1173 2369 primi

155 2403 190 2462 et
207 2398 361 2480 postremi
383 2416 495 2462 anem
513 2398 739 2463 commendare
759 2398 936 2483 inceperet,
959 2399 1063 2463 oratio
1083 2398 1173 2463 dein-

156 2530 230 2594 ceps
260 2530 299 2574 eo
329 2510 599 2596 progrediebatur,
629 2517 668 2576 ut
695 2513 829 2576 lectores
851 2512 894 2576 ad
919 2526 1019 2597 spem
1040 2513 1174 2596 erigeret

155 2622 255 2699 vitae,
274 2644 341 2687 non
360 2624 497 2708 amplius
520 2625 682 2690 terrestria
700 2646 774 2690 cum
793 2646 928 2704 anano,
949 2626 1006 2691 sed
1023 2626 1173 2691 coelestia

153 2756 229 2801 cum
251 2755 395 2800 cuarsuo
417 2738 595 2821 expetentis
618 2757 689 2815 seu,
719 2745 757 2803 ut
786 2760 830 2803 vs.
851 2712 901 2803 Ι(19
931 2739 1085 2822 scriptum
1108 2746 1170 2816 est,

153 2848 329 2932 imaginem
352 2869 487 2914 crurum
510 2851 684 2916 referentis.
707 2852 806 2917 Nunc
828 2873 903 2917 vero
921 2852 1114 2936 Apostolus,
1144 2854 1171 2915 si

155 2961 224 3026 eius
247 2962 283 3026 in
304 2969 446 3038 mentem
464 2969 630 3048 penetrare
646 2963 728 3029 mihi
744 2965 895 3049 contigit,
917 2986 1029 3031 cavere
1046 2966 1170 3042 voleus,

153 3094 196 3138 ne
218 3075 289 3158 quie
313 3056 558 3141 similitudinem
578 3076 668 3140 illam
690 3077 786 3141 etiam
806 3078 841 3141 iu
857 3079 1084 3144 communione
1102 3097 1171 3142 car-

153 3188 205 3252 aia'
226 3188 396 3254 collocaret
413 3196 442 3254 et
466 3192 637 3274 sauguinis,
661 3188 776 3273 quibus
803 3188 1073 3267 centenitatem
1098 3198 1172 3274 post

154 3321 252 3383 quam
274 3307 350 3366 ante
368 3304 520 3367 suumin
538 3304 638 3367 vitem
655 3302 809 3379 reditum,
832 3303 968 3369 indutus
985 3303 1105 3383 fluerat,
1129 3304 1171 3367 ad

154 3413 408 3498 disputationem
441 3416 481 3481 de
513 3437 644 3500 corpore
674 3417 885 3481 sectatoribus
919 3418 987 3481 eins
1011 3418 1171 3482 destinato

154 3527 251 3591 rediit
262 3528 424 3611 negando,
443 3528 524 3594 illud
539 3551 666 3595 carnem
682 3539 714 3594 et
729 3530 920 3614 sanguinem
934 3528 1052 3596 habere
1069 3552 1169 3614 posse.

151 3720 236 3764 autem
259 3729 414 3765 annuamus
438 3715 535 3767 Acrisio
557 3717 714 3784 φορέσωμεν,
737 3717 803 3781 quod
820 3719 911 3768 Futuro
928 3717 1047 3782 praefert,
1060 3723 1168 3783 proruto·

152 3795 244 3842 mnam
262 3793 371 3843 exhiberi
388 3794 522 3843 contendit.
541 3794 654 3844 Aoustus
672 3800 740 3846 certe
756 3796 911 3847 Coniunctivi
927 3797 1007 3849 vicem
1025 3797 1109 3847 Futuri
1127 3799 1168 3853 Iu-

151 3872 252 3922 dieetivi
273 3887 324 3923 non
348 3872 453 3923 trutinet
473 3873 527 3922 Iac.
552 3874 594 3922 IV:
620 3875 663 3934 13,
683 3875 728 3933 15,
746 3874 788 3925 ubi
807 3877 993 3927 adhortationes
1010 3877 1170 3943 circumiectis

152 3949 251 4014 egregie
269 3950 429 4000 conveniunt.
445 3953 477 4000 Et
495 3953 607 4013 exempla
624 3952 697 4002 huius
714 3955 862 4016 temporum
880 3960 906 4004 et
922 3956 1057 4017 Medorum,
1069 3971 1168 4018 permu-

151 4028 251 4078 tationis
271 4029 337 4090 apud
358 4029 446 4078 Poe'tas
465 4035 576 4088 veteres,
603 4044 665 4092 quae
686 4032 808 4097 congessit
834 4036 984 4083 riinrtnnus
1001 4035 1072 4084 Tam.
1090 4035 1125 4083 11.
1144 4049 1168 4096 p.

154 4108 218 4166 100,
238 4108 301 4165 101,
319 4108 340 4156 si
356 4106 415 4169 quid
433 4097 531 4165 valent,
549 4108 611 4156 nihil
629 4109 696 4158 aliud
713 4110 820 4171 probant
835 4126 909 4174 quam
926 4112 1169 4180 Verba‘popecupav

151 4186 196 4234 καὶ
205 4177 251 4249 τὴν
260 4179 347 4235 εἰκόνα
357 4185 472 4247 explicari
481 4201 564 4248 posse:
575 4188 730 4251 cogitandum
738 4192 790 4248 cot,
800 4206 844 4239 ooo
855 4193 930 4239 etiam
938 4183 1067 4255 imaginem
1076 4193 1170 4241 laturos

150 4277 203 4312 ease
221 4265 263 4312 vel
286 4263 407 4321 similiter,
431 4267 496 4327 quod
507 4266 624 4317 ¹multum
642 4267 723 4315 differt
738 4281 752 4315 a
771 4271 840 4317 corta
858 4271 1030 4331 promissione,
1049 4284 1112 4332 quae
1128 4269 1169 4318 hic

150 4341 292 4405 requiritur.
902 4360 904 4365 ·
