2656 4890
427 314 583 358 emesena
609 314 653 360 ΑΙ)
678 313 849 357 wisatum.
1097 318 1147 361 Vll

56 538 59 543 ,
132 484 184 548 dis
214 481 283 546 aliis
313 481 462 546 delectari
492 481 711 564 compererint.
734 483 780 544 At
802 481 881 546 mibi
904 488 1013 549 tamen
1037 484 1147 562 crede,

131 619 186 662 me
221 597 307 660 hunc
337 595 611 660 Commentarium
632 594 821 677 neutiquam
849 595 928 660 iuris
959 597 1078 682 publici
1099 598 1147 662 fa-

131 716 260 775 cturum
271 708 385 786 misse,
404 708 682 792 nisisperavissem
692 707 776 788 fore,
794 715 886 773 uteo
904 711 1062 776 contineri
1076 731 1149 777 een·

131 828 279 890 serentur
306 821 464 886 nonnulla
493 821 534 885 ad
563 821 771 906 Theologn‘am
792 823 1030 905 provehendam
1052 846 1149 910 appo-

132 939 204 1002 sita.
235 939 325 1001 Haec
347 955 422 1001 vero
442 956 510 998 non
528 935 556 999 is
576 957 662 1013 sum,
685 935 741 1017 qui
762 956 845 1000 nova
860 937 1017 1021 appellare
1028 939 1131 1003 ausim
1137 992 1149 1024 ‚

132 1051 252 1136 quippe
273 1049 371 1135 probe
388 1049 492 1114 sciens
513 1069 589 1112 cnm
611 1067 790 1126 rsocasrn,
813 1049 901 1113 haud
910 1050 958 1114 ita
968 1051 1078 1115 crebro
1099 1052 1149 1115 in-

132 1165 250 1242 veniri,
273 1162 360 1246 quod
379 1161 545 1240 derebus,
568 1183 651 1245 quae
672 1162 819 1226 om'ninm
840 1163 876 1226 in
895 1182 951 1228 ore
967 1168 1065 1246 atque
1083 1185 1149 1230 ser·

132 1298 230 1344 mone
257 1282 349 1355 sunt,
378 1296 473 1342 nemo
499 1283 595 1341 antea
621 1275 745 1341 dixerit.
768 1278 885 1359 Neque
906 1297 944 1341 ea
965 1275 1019 1341 hic
1041 1297 1149 1344 recen·

132 1411 203 1456 sere
235 1389 400 1468 convenit,
429 1411 471 1454 ne
499 1389 713 1474 amplissimae
738 1393 814 1453 tuae
844 1389 1008 1455 doctrinae
1035 1391 1149 1457 imme·

132 1526 205 1570 mor
226 1523 296 1570 esse
314 1502 429 1569 videar.
448 1503 637 1568 lectoribus
655 1508 765 1567 autem
783 1503 880 1568 huius
902 1502 976 1567 libri
997 1504 1149 1588 pleraque

132 1638 246 1683 eornm
274 1623 428 1700 tanquam
450 1617 551 1700 digito
572 1616 800 1681 monstrabunt
820 1617 942 1681 indices
964 1617 1006 1681 ad
1028 1618 1147 1683 calcem

133 1732 204 1796 eius
221 1730 346 1796 adiecti.
370 1731 458 1794 Hinc
479 1730 577 1794 etiam
599 1729 780 1814 apparebit,
802 1751 856 1795 me
877 1731 1017 1795 alienum
1040 1751 1109 1796 esse
1126 1727 1150 1794 'a

133 1844 335 1910 connivendo
367 1843 403 1907 in
433 1842 606 1921 erroribus,
633 1843 750 1926 quibus
777 1849 888 1922 antea,
919 1866 1020 1927 quum
1047 1845 1149 1910 literis

133 1957 257 2041 aliquid
299 1957 499 2035 mandarem,
539 1957 722 2040 implicatus
761 1957 831 2021 sim.
864 1957 963 2022 Quod
996 1979 1088 2037 sane,
1122 1960 1149 2022 si

134 2071 220 2158 dies,
250 2072 344 2136 utin
367 2070 539 2136 Proverbic
562 2077 626 2147 est,
649 2070 735 2136 diem
758 2070 866 2149 docet,
889 2071 1053 2136 neminem
1074 2091 1148 2156 pru-

132 2185 312 2260 dentiorem
335 2183 485 2249 offendet
509 2186 676 2248 Hactenus
699 2204 811 2248 omnes
829 2203 898 2261 me,
921 2183 1008 2267 quod
1030 2185 1150 2249 auxilio

133 2298 254 2362 Divino
283 2303 448 2383 acceptum
477 2297 696 2374 refero,¹mihi
719 2297 901 2361 constitisse
922 2297 1088 2376 videbunt,
1112 2304 1151 2362 ut

132 2410 216 2474 nihil
235 2412 375 2475 sanctius
395 2417 428 2474 et
446 2411 611 2492 antiquius
625 2410 743 2474 habere
758 2431 921 2494 pergerem
935 2432 1032 2494 qnam
1046 2433 1150 2476 unum

132 2523 185 2601 id,
204 2524 291 2607 quod
312 2545 424 2589 verum
442 2530 509 2602 eat,
531 2524 683 2608 indagare
706 2529 738 2588 et
760 2539 942 2609 propagare.
965 2526 1054 2589 Nam
1069 2546 1149 2608 quo·

131 2637 240 2701 minus
261 2637 342 2701 illud
364 2638 458 2701 unice
480 2645 626 2715 sectarer,
649 2638 839 2720 neutiquam
855 2659 908 2703 me
931 2638 1087 2704 deterruit
1106 2639 1148 2703 ti·

129 2771 211 2828 mor,
241 2771 283 2815 ne
308 2750 492 2817 hominibus
518 2750 732 2834 displicerem,
763 2752 821 2834 qni
842 2751 877 2815 id
898 2751 1006 2815 minus
1029 2759 1147 2835 agunt,

127 2871 168 2929 ut
199 2865 396 2949 Scriptorum
423 2868 593 2928 Sacrorum
618 2864 797 2928 doctrinam
827 2886 867 2929 ex
898 2864 1003 2931 verbis
1037 2887 1148 2930 eorum

129 2984 260 3057 eruant,
290 2999 387 3060 quam
408 2981 447 3041 ut
469 3000 529 3041 sna
552 2983 733 3043 commenta
754 2979 794 3041 iis
824 2977 1007 3043 obtrudant.
1032 2981 1149 3062 Itaque
1203 2970 1206 2978 ’

127 3091 409 3175 interpretatione,
438 3112 506 3154 non
529 3091 570 3154 ad
594 3093 831 3174 Theologorum
856 3092 908 3157 vel
938 3093 1149 3177 Philosopho-

127 3225 203 3269 rum
220 3206 354 3289 placita,
377 3204 434 3270 sed
445 3205 487 3269 ad
506 3205 775 3270 Hermeneuticae
792 3206 878 3288 leges
897 3206 1062 3282 instituta,
1081 3226 1149 3269 non
1222 3226 1224 3229 ’

129 3317 274 3383 dubitavi
295 3318 431 3384 candide
453 3325 486 3384 et
510 3319 656 3402 religiose
685 3318 816 3395 referre,
851 3318 1008 3401 quidquid
1038 3323 1149 3383 aucto-

128 3432 174 3495 ris
194 3433 331 3497 crationi
348 3433 454 3497 inesse
471 3433 647 3501 videbatur.
671 3433 779 3496 Quam
790 3432 930 3497 maxime
949 3437 1059 3498 autem
1071 3455 1148 3518 gan-

129 3544 227 3623 debo‚
261 3547 288 3609 si
314 3551 422 3610 tecum
443 3547 515 3609 Viri
543 3546 755 3611 iudicaverint
776 3545 892 3610 harum
917 3567 1024 3611 rerum
1053 3546 1148 3611 intel-

128 3658 280 3742 ligentes,
298 3660 426 3724 mohac
444 3659 495 3724 via
508 3662 594 3744 regia
616 3661 765 3725 nonnihil
786 3661 867 3725 lucis
892 3659 1043 3725 affudisse
1061 3659 1148 3736 loco,

128 3772 258 3837 beatam
276 3773 365 3838 illam
382 3773 657 3838 immortalitatem
676 3773 849 3858 spectanti,
868 3775 904 3837 in
924 3794 987 3857 qua
1008 3772 1148 3837 hominis

130 3886 306 3952 Christiani
326 3908 397 3972 spes
416 3888 521 3952 omnis
541 3888 603 3951 sita
615 3893 671 3953 est.
682 3887 964 3971 vituperationes,
977 3908 1056 3970 quas
1067 3887 1148 3951 haec

129 4000 246 4083 agendi
267 4001 350 4065 ratio
373 4000 511 4086 effugere
532 3996 660 4085 nequit,
684 4002 843 4085 patienter
864 4000 966 4064 feram
988 4000 1029 4064 ad
1048 4018 1147 4063 cnm-

133 4131 239 4192 sruu,
270 4114 426 4180 Divinum
456 4136 548 4181 verae
571 4115 734 4180 doctrinae
755 4115 930 4192 vindicem,
950 4113 1049 4179 oculis
1071 4134 1147 4178 con-

130 4227 238 4293 versis.
270 4230 335 4295 Sed
364 4230 515 4295 solatium
542 4249 668 4313 quoque
689 4228 855 4314 praebebit
876 4228 1043 4310 cogitatio,
1066 4225 1148 4291 nihil

132 4340 222 4406 aliud
260 4344 340 4407 mihi
378 4345 534 4424 accidere,
570 4366 665 4426 quam
699 4344 758 4408 tibi
794 4319 1004 4424 omnibusque
1038 4341 1146 4417 bonis,
