2656 4890
418 313 684 359 insusurrantem
711 314 801 357 vaus.
825 295 882 371 36,
906 296 958 357 37,
1133 293 1193 357 165

171 472 276 575 111ιῖ
289 478 462 574 ,sasione
488 473 535 553 οὐ
564 477 815 568 ζωοποιεῖται,
833 473 897 555 ἐὰν
927 474 980 571 μὴ
1005 471 1192 575 ἀποθάνῃ.

172 594 440 681 911111,,,ιοι1ιὶι
474 616 540 661 101
573 595 794 678 quaestionem
828 594 962 663 docendi
995 616 1105 673 causa,
1136 596 1193 661 scd

164 707 460 789 epntradiotionem
483 708 665 773 refellendi
698 728 795 783 causa
828 707 932 795 tongi,
962 728 1001 774 cx
1037 707 1191 774 vocabulo

155 813 314 916 ἄφρον,
328 821 416 907 quod
433 821 665 887 stomachantis
685 828 750 900 est,
765 820 843 886 satis
862 820 1060 905 intelligitur.
1076 822 1189 885 Issos-

166 954 315 1011 111111
338 941 371 998 et
393 942 681 1020 brscusuuosrrus
705 955 763 1018 pro
781 933 937 999 Vocativo
955 932 1191 999 substituerunt

163 1047 421 1121 Nominativum
453 1041 602 1143 ἄφρων,
633 1068 730 1132 quem
764 1050 974 1126 sisnandus,
1005 1066 1190 1112 orsuruss-
1281 1034 1286 1045 ’

167 1180 270 1241 urus,
296 1180 669 1239 us11ssus,osrrnnus
696 1160 814 1227 diserte
839 1159 1023 1246 probarunt
1045 1162 1090 1225 Et
1115 1161 1190 1225 huic

164 1293 251 1339 sane
269 1274 443 1339 mutationi
462 1274 596 1341 Codices
613 1274 723 1339 favent
741 1273 817 1340 boni
836 1279 870 1341 et
888 1273 1021 1358 antiqui.
1038 1272 1103 1339 Sed
1118 1279 1190 1337 tan-

166 1393 243 1453 tam
260 1406 373 1453 eornm
389 1408 458 1451 nou
477 1408 546 1455 esse
564 1393 643 1473 puto
662 1366 954 1465 auctoritatem„ut
972 1386 1073 1472 magis
1092 1408 1190 1470 quarn

166 1500 273 1565 ceteri
297 1500 452 1585 sequendi
478 1500 559 1579 sint,
581 1501 651 1565 sinc
678 1500 872 1565 Versionum
899 1504 932 1563 ct
957 1500 1091 1564 Petrum
1113 1520 1189 1564 con-

168 1633 279 1685 sensu.
294 1613 419 1679 Pariter
436 1613 551 1705 schoe
568 1613 640 1695 loco
657 1634 696 1705 po
716 1613 792 1679 Luc.
812 1613 897 1679 XII:
914 1616 958 1677 20
977 1634 1033 1699 per
1047 1613 1190 1698 exempla

169 1745 364 1811 propagasse
384 1725 512 1795 videtu
533 1725 663 1805 vitium,
682 1748 702 1793 a
723 1725 860 1797 librariis
878 1726 1100 1821 commissum,
1119 1726 1189 1808 qui·

168 1838 234 1905 bus
259 1838 310 1904 vel
334 1838 435 1917 oculi,
457 1838 507 1904 uel
529 1860 622 1905 aures
643 1836 789 1905 fraudem
811 1839 960 1907 fecerant.
983 1839 1081 1905 Quod
1104 1840 1190 1913 enim

171 1970 426 2023 orsurusunrus
451 1951 612 2036 perhibet,
634 1951 881 2033 Nominativum
904 1952 1000 2019 huius
1021 1951 1084 2016 loci
1107 1973 1189 2030 esse,

146 2128 152 2133 .
169 2064 367 2139 vocativum
382 2086 451 2129 non
468 2064 560 2143 item,
576 2065 684 2157 minus
702 2070 789 2131 recta
804 2065 867 2159 illa
879 2066 987 2153 totius,
999 2065 1190 2151 disputatio-

169 2176 225 2243 nis
246 2195 351 2243 rsunr
373 2177 490 2243 nititur
510 2177 790 2265 interpretatione,
803 2200 906 2263 ¹qumn¹
926 2198 1023 2269 supra
1043 2177 1110 2242 iam
1131 2199 1189 2241 no-

168 2289 246 2361 tavi.
273 2289 360 2357 Mihi
389 2287 519 2373 quidem
548 2290 825 2375 persuasissimum
855 2299 917 2381 est,
943 2290 1190 2381 Nominativum

169 2400 225 2479 hic
246 2407 332 2495 stare
350 2423 419 2467 non
435 2423 542 2487 posse,
560 2423 620 2469 nec
639 2403 771 2489 despero
789 2404 871 2482 fore,
890 2410 929 2499 ut
947 2404 1057 2495 ecquis
1075 2403 1189 2467 iudici-

169 2514 233 2589 bus
260 2486 300 2583 de
325 2536 364 2581 eo
385 2515 603 2601 persuadeam
627 2517 663 2583 Si
685 2508 871 2603 legimus''
844 2540 1029 2617 αφρῳγ,
1010 2518 1075 2585 boc
1097 2538 1189 2582 voca·

161 2627 286 2721 ‘bulum
312 2628 363 2695 vel
387 2649 462 2695 cum
483 2629 690 2713 sequentibus
712 2631 876 2711 cohaeret,
899 2631 949 2699 vel
971 2631 1039 2731 ,sibi
1047 2636 1188 2715 constat.

169 2741 275 2827 Atqui
296 2762 372 2807 oum
392 2731 600 2824 sequentibus
622 2743 791 2809 cohaerere
812 2728 974 2833 nequit,
953 2744 1021 2841 nisr
1011 2744 1122 2819 hanc
1140 2743 1188 2807 fa-

169 2874 243 2923 eere
267 2853 402 2921 velimus
427 2859 633 2921 structuram·
651 2847 699 2929 0
724 2846 772 2929 σύ
796 2848 929 2955 ἄφρων
950 2853 1139 2957 dissipari
1162 2876 1188 2921 ο

166 2967 264 3059 Quod
287 2973 334 3045 to,
357 2969 411 3052 poi
433 2970 578 3051 insipien
598 2971 754 3048 cs,seris,
777 2970 1033 3063 macerationi,
1057 2971 1187 3069 et'l'ra-

168 3079 342 3171 iectionem
360 3080 554 3145 insolentem
573 3080 730 3161 obtrudit,
747 3088 780 3146 et
797 3082 832 3146 id
851 3058 965 3147 adimit
967 3103 1059 3167 ,quo
1077 3088 1189 3146 auctor

151 3193 344 3287 ,transitum
369 3215 464 3259 suum
488 3193 531 3259 ad
556 3194 697 3267 hominis
722 3194 888 3259 cuiusdam
910 3194 1187 3280 compellationem

167 3278 311 3401 indicare
332 3305 452 3372 debuit.
475 3306 584 3374 Multo
606 3307 713 3381 minus
736 3306 797 3372 sibi
819 3312 960 3385 constat,
983 3307 1011 3370 si
1032 3304 1111 3391 quid
1133 3326 1186 3371 va-

169 3396 236 3501 let
229 3419 386 3503 loquendi
404 3442 491 3485 usus.
507 3421 606 3487 Haud
625 3418 777 3504 quidem
767 3440 881 3504 ignoro
897 3419 1187 3485 Grammaticorum

169 3533 328 3619 regulam,
357 3533 645 3599 Nominativum
635 3556 671 3599 rn
700 3533 827 3618 scriptis
850 3534 1005 3598 Veterum
1027 3553 1094 3597 non
1116 3553 1187 3597 roro

170 3666 229 3730 pro
249 3646 406 3711 Vocativo
428 3647 583 3732 usurpari.
604 3646 669 3712 Sed
686 3654 817 3732 excepto
836 3668 903 3711 uno
920 3646 1084 3731 olteroquc
1101 3646 1186 3724 loeo,

169 3759 205 3822 in
228 3779 293 3843 quo
310 3761 440 3827 Nomen
458 3760 622 3845 proprium
640 3759 759 3845 legitur
776 3758 1013 3839 indeclinabile,
1033 3759 1185 3843 quemad-

171 3872 304 3937 modum
328 3864 455 3967 Ἰωσήφ
485 3873 598 3938 Marte.
629 3876 660 3940 I:
688 3876 746 3951 20,
773 3873 895 3956 ubique
922 3879 1079 3956 quantum
1104 3872 1185 3950 scio,

172 3992 239 4050 tam
260 3986 296 4050 in
318 3988 420 4065 Novo·
432 3989 639 4052 Testamento
657 4007 754 4070 quam
772 3986 806 4049 in
825 3986 896 4050 aliis
914 3983 1017 4063 libris,
1036 3986 1185 4049 Nominu-

172 4102 279 4178 tioum,
299 4121 364 4184 quo
387 4100 458 4184 quis
481 4099 703 4187 compellatur,
724 4100 882 4164 Articulis
898 4099 1056 4183 praecedit
1077 4102 1112 4182 ¹).
1132 4098 1184 4163 Ibi

185 4387 230 4449 m.)
248 4389 288 4439 Sic
309 4388 388 4443 Marc.
405 4389 453 4439 IX:
473 4393 517 4439 25³
535 4381 566 4438 τὸ
583 4385 683 4453 πνεῦμα
700 4381 729 4437 τὸ
747 4381 899 4437 diuiserat
917 4381 1011 4451 κωφόν.
1032 4387 1091 4436 Luc.
1112 4387 1185 4434 Vlll:
