2656 4890
403 290 673 339 aurnararramo
698 292 789 339 vaae.
808 276 863 341 14.
1100 281 1137 342 71

114 453 163 533 τὸ
189 453 361 553 κήρυγμα
387 460 423 524 in
446 460 573 546 scriptis
595 461 682 529 Novi
705 462 906 531 Testamenti
927 465 972 531 sio
995 468 1142 554 usurpari

118 574 221 652 solet,
253 579 295 639 ut
324 574 576 659 comprehendat
610 575 733 654 omnia,
757 597 851 661 -quae
883 578 1030 663 Apostoli
1067 600 1142 647 cum

119 687 256 754 Iudaeis
277 687 490 773 gentibmque
513 689 629 755 exteris
647 689 943 768 communicarunt,
960 692 1012 759 uti
1030 694 1047 756 1
1071 694 1140 759 Cor.

119 804 239 868 1:221.
269 802 322 869 II:
351 805 391 880 4,
418 800 503 869 alibi.
530 801 705 887 Praecipua
728 823 838 868 eorum
859 825 932 889 pars
954 804 1142 873 cernebatur

117 917 160 983 in
187 914 284 983 rebus
312 933 466 993 euersor,
497 936 580 998 quae
607 915 650 980 ab
677 916 735 984 illo
765 923 921 1001 tempore,
952 939 1016 1002 quo
1044 921 1142 987 sacris

116 1027 311 1097 initiabatur
335 1050 356 1094 a
382 1047 526 1106 minan,
553 1035 738 1108 evenerant,
763 1030 864 1098 donec
885 1033 922 1097 in
943 1032 1049 1098 coeloe
1071 1055 1141 1100 sus-

118 1142 289 1228 ciperetur.
318 1141 378 1206 eff.
404 1141 475 1205 Act.
501 1143 533 1205 I:
561 1144 620 1221 21,
646 1145 698 1206 22.
724 1143 770 1209 X:
798 1146 842 1208 36
867 1167 934 1229 sqq.
961 1148 1140 1212 Karusrus

117 1260 246 1334 autem,
288 1274 595 1319 annnauanrcnius
636 1256 756 1339 aliique
792 1258 959 1323 notionem
995 1260 1141 1326 vocabuli

117 1361 294 1462 κήρυγμα
318 1369 366 1432 ita
390 1367 645 1453 restringendam
672 1390 742 1434 esse
766 1377 977 1450 monuerunt,
998 1379 1038 1437 ut
1058 1373 1141 1438 nihil

118 1481 258 1566 amplius
283 1481 483 1566 intelligatur
508 1503 606 1565 quam
635 1479 830 1547 annunciatio
858 1486 974 1550 reditus
1004 1505 1139 1550 cumam

117 1599 156 1660 ia
182 1597 283 1661 citam
314 1594 413 1660 Quod
442 1615 589 1660 ramam
617 1596 684 1663 iam
711 1597 884 1682 placuisse,
911 1618 950 1665 ex
975 1582 1027 1663 his
1051 1600 1139 1685 cogi.
1214 1606 1215 1609 ¹

117 1731 195 1775 mus
220 1709 291 1775 eius
314 1707 433 1774 verbis:
462 1709 573 1793 cErgo
597 1714 630 1775 et
651 1729 710 1774 nos
734 1711 803 1776 sine
825 1730 922 1777 eausa
944 1711 1025 1777 haec
1048 1733 1139 1797 prae·

119 1820 312 1901 dicavimus,
346 1822 374 1886 si
407 1842 481 1889 vere
512 1842 580 1888 nou
613 1823 799 1901 resurrexit,
833 1829 869 1899 et
896 1844 953 1890 vos
981 1825 1022 1889 in
1046 1825 1140 1892 illum

117 1936 240 2002 frusta
263 1934 475 2004 medriam?
501 1936 546 2001 Et
570 1934 674 2020 primo
698 1936 853 2021 adspectu
878 1937 955 2006 huic
983 1938 1139 2024 interpre-

118 2049 239 2116 tationi
251 2048 349 2115 fidem
362 2049 441 2115 fauit
451 2048 646 2133 comparatio
658 2047 746 2115 verbi
756 2041 950 2141 κηρύσσειν
960 2071 1005 2116 vs.
1020 2054 1074 2128 11,
1089 2054 1139 2118 12.

119 2165 195 2230 Nee
220 2183 331 2229 sermo
356 2167 425 2247 eat,
455 2161 544 2246 quod
571 2161 722 2227 nonnulli
753 2161 881 2242 dicunt,
910 2162 1081 2229 ridiculam
1103 2185 1141 2230 ea

118 2277 400 2345 ratiocinationem
428 2295 540 2341 rsuno
567 2276 688 2360 affingi.
718 2277 832 2361 Longe
860 2274 950 2340 aliud
979 2276 1067 2343 enim
1091 2283 1141 2344 est

117 2389 272 2458 ambae:
303 2392 340 2456 Si
370 2409 530 2455 cnarsrus
562 2391 598 2454 ia
629 2391 725 2455 citam
756 2411 817 2456 coc
849 2391 955 2471 rediit,
987 2391 1140 2475 sequitur,

100 2574 103 2579 ,
117 2506 255 2597 Μὴ
264 2506 360 2575 vitun
373 2505 589 2579 marcellinam
603 2503 699 2588 longe
714 2502 804 2569 aliud
817 2525 905 2571 vero:
923 2506 960 2568 Si
976 2524 1140 2602 eumerus

119 2620 163 2684 io.
177 2620 275 2685 citam
296 2638 357 2682 coc
381 2618 486 2695 rediit,
512 2618 663 2701 sequitur,
688 2637 743 2682 aas
767 2616 929 2700 Apostolos
950 2619 1015 2682 eius
1030 2620 1141 2702 palem

119 2738 151 2799 d
165 2731 299 2815 -pettce
331 2733 534 2810 aaauactcrc,
566 2731 649 2815 quod
678 2733 744 2799 alac
776 2733 838 2795 ullo
875 2737 1051 2814 aryumento
1087 2738 1139 2795 est.

122 2843 190 2913 aad
215 2845 277 2911 bac
305 2845 499 2913 restrictiore
527 2844 661 2916 notione
688 2843 835 2910 vocabuli
864 2836 1038 2938 κήρυγμα
1070 2843 1140 2909 vul·

112 2957 250 3042 ‚gomet
272 2958 428 3025 latissime
453 2959 579 3043 patenti
604 2957 810 3042 praeferenda
839 2957 977 3023 orationi
1008 2962 1041 3024 et
1069 2977 1140 3042 gra·

118 3069 211 3141 datio
239 3071 415 3151 adimitur,
453 3078 487 3138 et
521 3071 658 3156 languor
688 3071 840 3138 iniicitur.
874 3069 1004 3136 Deinde
1035 3066 1140 3136 verbis

118 3205 165 3255 ra
178 3187 236 3259 s12
259 3185 447 3257 involutum
477 3190 527 3252 eat
556 3184 713 3269 quidquid
742 3184 786 3249 ad
812 3183 983 3267 Euangelii
1012 3204 1139 3247 annun-
1175 3170 1177 3172 ¹

111 3299 294 3375 ,amionem
317 3300 466 3385 pertinet
491 3301 577 3366 'lum
599 3318 736 3382 sequens
763 3295 998 3381 argumentatio
1026 3299 1068 3359 is.
1098 3298 1138 3359 15

111 3411 249 3485 indiae.
264 3414 502 3493 resumetur,
524 3414 630 3498 ipsam
651 3411 829 3476 doctrinam
850 3409 973 3475 reditus
995 3414 1139 3474 mortuo·

113 3544 194 3595 rum
214 3527 250 3595 in
271 3527 371 3595 vitam
393 3548 491 3612 supra
510 3548 577 3592 non
599 3526 726 3609 attingi.
748 3523 924 3615 Consentio
947 3522 1047 3606 igitur
1065 3543 1139 3587 cum

109 3639 279 3724 ,plerieqm
318 3639 568 3725 interpretibus,
610 3639 709 3704 etieun
747 3641 940 3714 aiicunaro,
978 3657 1138 3712 muriano,

110 3771 481 3833 ¹saturioro,parmomo,
507 3753 591 3817 hanc
613 3772 718 3817 raum
740 3756 882 3816 mentem
905 3771 987 3815 esse:
1012 3752 1048 3814 st
1069 3770 1140 3815 uero

117 3886 352 3939 cantarnaco}
380 3873 476 3933 morte
504 3887 565 3930 aaa
593 3872 749 3932 revocatas
778 3872 821 3929 est
845 3867 879 3928 lc
904 3865 1013 3940 attam,
1039 3864 1139 3946 sequi-

118 3989 189 4059 tur,
206 4003 319 4047 cacam
336 3983 427 4046 etiam
449 4001 510 4046 esse
531 3988 667 4045 nostram
688 3980 852 4062 Euacpelc'i
870 3977 1139 4042 annunciationem.

165 4097 282 4179 Itaque
308 4095 479 4161 obscurum
504 4115 571 4158 non
599 4099 661 4172 est,
688 4093 769 4177 quid
796 4097 909 4156 auctor
938 4088 999 4154 sibi
1029 4090 1139 4155 volue-

117 4208 179 4287 rit,
209 4231 311 4293 quum
339 4209 432 4274 alteri
461 4207 642 4272 difficultati
672 4207 756 4272 hano
786 4206 920 4270 alteram
953 4201 1138 4268 subiiceret':

117 4315 207 4412 κενὴ
221 4319 263 4396 δὲ
277 4320 337 4395 καὶ
350 4315 374 4415 ᾗ
388 4320 501 4404 πίστις
514 4313 634 4413 ὑμῶν.
650 4321 686 4385 Si
701 4319 789 4386 enim
803 4315 957 4384 vocabulo
968 4307 1141 4410 κήρυγμα
