2656 4890
417 324 684 368 rsrnurnrrarro
708 324 800 369 runs.
824 309 876 369 24.
1082 312 1144 373 109

130 514 195 576 que
208 492 251 556 ad
266 493 559 575 compascuos
573 494 622 557 vel
638 514 686 557 res
700 494 953 578 coniungendas,
970 496 1019 559 uti
1034 499 1052 558 ’1
1075 498 1145 561 Cor.

130 606 164 670 Ie
184 607 227 683 9,·
240 604 299 682 24,
318 606 364 668 30
382 606 418 687 1).
1159 621 1163 625 “

146 750 149 755 ·
172 718 363 783 Orationem
387 738 580 802 persequens
608 734 737 782 raucos
767 725 997 785 commemorat
1025 724 1141 793 uriom

128 825 252 925 ἀρχὴν
270 827 331 902 καὶ
347 833 470 902 πᾶσαν
484 829 653 912 ἐξουσίαν
667 828 728 903 καὶ
742 824 917 923 δύναμιν.
932 832 1147 899 Caarsosro-

127 964 213 1022 uus,
233 964 473 1010 runononnrus
496 945 615 1029 aliique
635 947 769 1010 Veteres
792 946 1045 1031 interpretantur
1064 949 1147 1013 Doc-

127 1079 243 1137 moues,
262 1059 329 1124 sive
348 1061 452 1143 penius
472 1061 581 1138 malos,
602 1081 739 1143 quorum
760 1061 952 1124 sententiam
978 1060 1148 1127 defendere

128 1177 265 1239 conaus
287 1178 337 1238 est
360 1191 539 1236 santonus.
559 1174 635 1257 Ipsa
653 1193 728 1237 vero
748 1171 864 1237 docent
881 1172 990 1252 verba,
1009 1177 1148 1266 Aposto-

127 1287 200 1350 lum
220 1307 288 1350 non
310 1293 411 1350 certos
428 1287 576 1370 paoem
589 1292 764 1368 potestates,
784 1285 841 1351 sed
860 1289 1081 1371 qualiacunque
1095 1311 1147 1372 ye-

129 1419 208 1464 ucrc
219 1420 328 1464 earum
341 1404 417 1464 ante
433 1399 541 1464 oculos
555 1399 714 1464 habuisse.
732 1398 887 1464 Similiter
901 1401 1034 1479 arctius,
1051 1422 1148 1485 qnam

129 1532 189 1598 par
211 1519 273 1591 est,
295 1513 465 1578 verborum
486 1513 634 1578 notiones
656 1512 869 1597 restringumt,
893 1513 949 1598 qui
971 1536 1045 1579 cum
1069 1534 1148 1579 can-

130 1642 216 1690 vruo
231 1630 393 1712 potestates
412 1628 561 1711 lepitimos
583 1628 686 1691 oDeo
705 1628 877 1705 ordinatos,
897 1632 954 1691 aut
971 1648 1046 1692 cum
1066 1648 1147 1692 ouo·

129 1760 189 1803 πο
209 1742 310 1804 omnio
327 1742 457 1824 imperio
476 1746 505 1804 et
522 1761 617 1823 raquo
635 1742 741 1806 muudi
754 1748 783 1805 et
797 1743 945 1824 repimiuo
960 1742 1079 1806 minora
1094 1742 1148 1808 de-

128 1855 238 1918 notari
254 1858 380 1938 putant.
397 1854 519 1918 Contra
536 1853 705 1918 verborum
718 1854 784 1918 rim
798 1854 1005 1939 amplificavit
1019 1876 1148 1920 uranu

129 1985 269 2032 curuos
295 1967 518 2032 adscribendo:
545 1967 774 2045 „Generaliter
796 1967 943 2052 intelhko
969 1968 1089 2034 aboleri
1117 1976 1150 2035 et

127 2081 267 2165 imperia
284 2078 414 2158 mundi,
431 2085 464 2145 et
480 2084 675 2165 potestatem
694 2076 958 2158 diabolorum,·et
971 2056 1149 2148 ministeria

128 2194 319 2278 angelornm
332 2200 364 2258 et
373 2194 551 2272 Ecclesiae,
559 2194 626 2258 imo
639 2198 671 2258 et
682 2193 801 2258 auxilia
807 2180 891 2271 cibi,
904 2190 1014 2278 potus,
1027 2182 1060 2259 et
1071 2196 1148 2260 alia-

126 2328 204 2372 rum
217 2307 467 2372 anonumum?
480 2309 573 2373 Quae
585 2307 672 2372 enim
683 2329 727 2373 vs.
739 2309 781 2371 25
794 2311 828 2372 et
839 2308 882 2371 26
893 2309 1072 2391 sequuntur
1084 2310 1148 2374 eri-

127 2421 245 2486 denter
251 2418 443 2498 docent,hio
451 2426 580 2485 tantum
587 2421 722 2505 spectari
730 2421 1065 2486 advesarioscuarsrr
1073 2444 1148 2506 quo·

125 2537 296 2617 manem
319 2535 526 2618 Quamquam
548 2539 657 2599 autem
680 2536 853 2618 iniquilatis
866 2534 963 2600 'notio
983 2536 1061 2620 ipsis
1083 2558 1149 2602 non

125 2649 215 2712 inest
229 2646 407 2726 vocabulis,
422 2653 461 2712 ut
476 2648 574 2712 etiam
589 2654 719 2732 apparet
737 2668 776 2713 ex
793 2647 872 2713 locis
892 2647 1049 2713 similibus
1068 2651 1148 2733 Epi.

51 2798 56 2807 ·
127 2756 241 2825 11:³21:
258 2762 331 2825 HI:
352 2763 403 2824 10.
423 2763 490 2826 VI:
512 2764 562 2825 12.
584 2763 646 2825 Oct.
667 2763 701 2826 I:
724 2763 773 2825 16.
794 2763 847 2825 II:
870 2764 920 2825 10.
940 2763 997 2826 111.
1010 2763 1089 2826 ἸΙΙε
1111 2765 1147 2842 1,

124 2876 317 2957 iii-quonam
326 2874 492 2938 nonnullis
503 2874 628 2939 ecferri
638 2875 767 2958 nequit,
779 2875 875 2959 vrdgo
887 2881 996 2940 tamen
1007 2875 1146 2960 Aposto-

125 2987 236 3051 lorum·
257 2992 377 3065 aetate,
401 2988 457 3070 qui
478 2987 574 3052 rebus
596 2988 747 3051 humanis
768 2994 952 3072 praeerant,
976 2996 1148 3056 sectatores

126 3111 267 3163 eunnn
279 3105 371 3164 tanto
383 3101 458 3164 odio
468 3101 627 3186 persecuti
639 3106 731 3178 sunt,
743 3106 783 3165 ut
793 3102 928 3187 simplex
939 3112 1147 3167 eorum'com-

126 3214 321 3278 memoratio
340 3214 417 3278 ratis
436 3221 521 3280 esset
539 3214 581 3279 ad
599 3215 829 3298 cogitationem
846 3217 1017 3298 tumulatio
1030 3217 1147 3281 menti-

125 3325 191 3391 but
201 3326 419 3390 imielendam.
434 3327 640 3392 Adiectivum
658 3348 733 3392 vero
747 3329 870 3399 πᾶσαν
888 3327 937 3392 bis
955 3336 1147 3414 usurpatum

123 3431 215 3502 houd
221 3458 307 3504 secus
318 3440 512 3504 amaurico
521 3442 692 3505 homiuibus
701 3444 886 3523 repeteres,
899 3464 991 3527 wem
1001 3448 1148 3509 humanos

125 3552 389 3636 imessrgitsbet.
410 3553 476 3618 Sed
496 3553 635 3639 longiori
658 3555 878 3639 disputatione
899 3579 965 3621 non
985 3579 1064 3643 opus
1083 3565 1147 3638 est,

124 3666 284 3750 queniam
306 3670 516 3745 nicanorus,
535 3687 716 3746 mannans,
737 3688 902 3748 neporus,
923 3691 1091 3735 osmunra
1115 3679 1148 3736 et

121 3777 355 3845 hodieomnes
372 3780 439 3844 iere
458 3781 530 3844 Viri
548 3782 647 3846 Docti
660 3803 735 3845 oum
751 3803 897 3847 rausero
913 3785 1048 3868 aliisque
1062 3786 1148 3850 anti-

122 3892 295 3977 quioribus
319 3892 358 3957 de
381 3913 419 3958 eo
441 3895 663 3972 consentiunt,
683 3895 766 3960 hanc
787 3918 887 3962 unam
909 3898 1146 3982 interpretatio-

123 4027 205 4070 nem
215 4027 323 4069 veram
335 4027 412 4071 esse.
426 4027 621 4071 rmruauuo
634 4011 660 4090 ²)
675 4015 785 4073 autem
794 4009 927 4094 largior,
939 4010 1022 4076 bene
1033 4011 1147 4076 distin-

125 4138 290 4151 β

164 4190 188 4270 ΙΙΙ)
205 4178 246 4256 ¹Sic
262 4206 379 4255 illustrari
395 4206 493 4256 videtur
510 4205 547 4265 id,
565 4208 631 4269 quod
650 4223 754 4257 wrrrnu.
773 4225 798 4271 p.
818 4211 866 4259 516
884 4224 936 4273 sqq.
956 4213 1058 4263 notavit.

164 4300 188 4357 ²)
206 4299 244 4347 De
266 4299 357 4360 Syracu.
379 4297 434 4347 Lib.
457 4300 478 4348 1.
503 4315 527 4360 p.
555 4301 610 4348 158.
636 4299 675 4349 ef.
700 4301 773 4349 etiam
798 4315 857 4349 vau
882 4317 1022 4359 xnrwroa.
1046 4307 1146 4368 Dtcput.

131 4379 216 4426 rteot.
237 4378 323 4440 Iuoup.
344 4378 374 4425 de
393 4378 508 4426 simonia.
528 4393 553 4439 p.
574 4377 619 4436 17,
640 4381 679 4426 18.
