2656 4890
596 324 736 367 rumcrs

147 579 193 656 “O
234 604 299 647 non
340 581 511 665 respondet
546 581 664 645 lautino
701 583 782 665 quod

201 699 307 761 attinet
306 745 778 758 ......

151 805 308 901 ‘Optume
341 809 577 885 connoetudioes,
611 809 686 872 hinc
720 811 779 871 eol-

200 927 301 1008 loquia
303 972 778 987 ......

162 1038 317 1101 Orationis
360 1035 519 1099 luminum
563 1033 779 1118 splendidissi-

202 1172 329 1215 morum
350 1148 540 1214 coniunctio.
580 1198 586 1210 .
678 1198 683 1210 .
774 1199 780 1208 .

148 1257 209 1344 Ὅς
234 1285 327 1348 saepe
350 1261 569 1346 explicandum
591 1263 701 1343 quippe
722 1263 781 1343 qui.

150 1372 272 1450 Ὅταν.
294 1377 401 1440 Huius
424 1375 603 1439 Particulae
624 1374 780 1458 repetitio,

211 1541 258 1568 „,
288 1492 322 1554 in
345 1493 387 1553 N.
411 1491 445 1567 Τ.
469 1488 629 1572 significet
648 1506 682 1552 eo
705 1493 778 1551 tem-

198 1625 275 1687 pore
312 1624 370 1687 que
372 1652 779 1665 .....

165 1710 264 1791 Odde'
285 1737 339 1780 nec
360 1736 444 1793 vero,
468 1735 558 1779 serm.
582 1733 666 1778 vern.
689 1734 778 1778 mour

203 1831 346 1896 ookoiel.
391 1881 396 1891 .
481 1879 493 1919 .·
584 1878 590 1889 .
681 1879 687 1890 .
777 1878 782 1889 .

166 1936 242 2017 Οὐκ
276 1981 320 1990 -
353 1981 397 1988 -
426 1933 514 2012 ἀλλά
543 1960 701 2023 nusquam
729 1941 779 2002 in-

204 2057 299 2122 servit
343 2055 384 2118 ad
428 2054 633 2137 negationem
671 2054 778 2118 relati-

203 2192 273 2235 vam
294 2167 539 2254 proponendam.
579 2217 584 2228 .
675 2217 680 2228 .
771 2217 777 2228 .

165 2275 243 2354 Οὖν
282 2281 456 2358 Particula,
495 2299 606 2343 muno
646 2280 778 2357 usitata,

202 2394 256 2460 ubi
283 2417 322 2459 ex
348 2394 541 2478 digressione
565 2394 601 2456 iu
623 2369 706 2456 vium
728 2412 776 2456 re-

203 2510 250 2572 dit
252 2558 779 2572 .......

164 2613 327 2713 Οὐρανός
371 2629 404 2686 et
443 2614 463 2690 ὁ
505 2613 660 2711 οὐρανός
699 2641 777 2703 quo-

202 2735 298 2799 modo
321 2733 546 2817 distinguenda
567 2733 742 2797 videantur.
775 2785 780 2795 .
872 2785 877 2796 .

160 2841 291 2919 Πάντα
322 2839 397 2936 (τὰ)
427 2847 468 2916 ἐν
494 2847 589 2916 πᾶσι.
615 2848 778 2910 Neutrum

202 2984 275 3025 eum
298 2960 479 3024 Masculino
503 2959 719 3023 coniunctum.⁴
774 3011 780 3022 .

158 3294 406 3391 Παραὸίὸωμι
432 3299 472 3362 de
496 3299 603 3376 rebus,
630 3319 712 3382 quae
736 3298 777 3362 nb

127 3415 128 3418 ’
200 3412 270 3475 aliis
304 3412 345 3475 ad
377 3413 456 3476 alios
490 3413 776 3496 quomodocunque

200 3532 390 3590 transeunt..
482 3577 487 3588 .
578 3578 584 3588 .
676 3579 681 3589 .
773 3578 778 3588 .

156 3631 463 3728 Παραλαμβάνω,
476 3639 545 3704 sine
559 3640 690 3703 nomine
701 3660 775 3703 sno-

200 3752 291 3828 toris,
315 3758 436 3837 spectat
461 3753 508 3831 id,
531 3752 617 3834 quod
637 3752 775 3816 tradide-

200 3869 276 3926 runt
291 3867 428 3929 ‚homines
430 3916 777 3929 .....

156 3975 348 4066 Παρθυαία
374 3999 509 4042 cnnrsm
533 3998 689 4061 quaenam
712 3981 777 4043 sit..

156 4093 272 4154 Pnuno
296 4091 373 4173 quid
395 4095 508 4175 Ephesi
529 4093 685 4158 acciderit.
777 4144 782 4154 .

155 4205 290 4267 Pnunus
321 4224 386 4268 non
415 4214 474 4283 ter,
498 4207 553 4270 sed
580 4206 624 4270 bis
649 4211 775 4271 tantum

202 4319 338 4382 (lmdnthi
360 4320 423 4384 fuit
424 4371 772 4383 .....

870 745 876 757 .
924 696 1096 772 167,168.

871 971 878 983 .
968 971 976 983 .
1023 925 1085 987 154
1107 945 1173 1008 sqq.

867 1197 877 1210 ⁴.
967 1200 973 1211 .
1023 1151 1096 1213 237.

871 1310 878 1323 .
965 1264 1021 1339 52,
1045 1265 1095 1327 53.

871 1424 877 1437 .
924 1376 1096 1453 110,111.

871 1652 877 1664 .
967 1653 973 1664 .
1024 1605 1094 1667 120.

874 1879 880 1890 .
970 1880 976 1891 .
1023 1832 1096 1893 213.

869 2218 874 2229 .
965 2219 971 2230 .
1040 2172 1081 2232 57
1104 2192 1170 2255 sqq.

869 2560 874 2570 .
967 2560 972 2570 .
1024 2512 1095 2573 132.

969 2785 975 2798 .
1024 2738 1094 2800 199.

872 3013 877 3023 .
922 2964 1094 3039 127,128.

159 3067 299 3153 Πάντες
313 3080 424 3151 Omne&
440 3093 520 3157 quos
536 3077 658 3157 spectet
672 3074 781 3136 oratio.
840 3070 843 3075 ’
873 3125 878 3135 .

209 3236 230 3263 n
301 3178 347 3258 οὐ
366 3185 526 3270 quomodo
541 3185 781 3270 explicandum?
872 3237 877 3249 ,

969 3126 975 3137 .
1043 3078 1094 3138 95.
1144 3107 1148 3113 ·

969 3239 975 3249 .
1017 3189 1080 3252 216
1104 3210 1171 3272 sqq.

870 3578 874 3589 .
961 3529 1019 3605 25,
1042 3502 1093 3590 26.

1039 3868 1081 3929 26
1104 3888 1170 3951 sqq.

1019 3981 1078 4044 101
1104 4000 1170 4063 sqq.

874 4144 879 4155 .
921 4096 996 4169 150,
1023 4094 1094 4157 151.

864 4322 1092 4383 ..6.
