2656 4890
163 255 206 315 90
442 274 711 319 rursnnanusrro
736 276 824 321 vass.
846 261 898 321 21.

163 440 223 505 sibi
253 443 335 507 vultz
368 445 518 517 Ωιιοιιὸαιιι
546 445 626 507 caim
649 464 709 525 per
738 447 885 509 bominem
909 454 1075 526 ascraest,
1100 470 1178 528 aar,

161 554 232 619 aliis
259 555 377 621 verbis:
400 559 553 632 Quoniam
576 559 656 621 caim
671 578 732 639 per
753 560 1041 641 tomlacmfaelum
1061 568 1178 639 cslssl

161 672 350 735 mammam
370 673 418 735 sil.
441 673 574 735 Temere
600 671 686 735 enim
712 691 899 735 suscianus
920 674 1060 758 scripsit:
1083 677 1179 743 anisa

159 787 289 849 bominis
305 788 409 870 culpa·
421 787 467 853 Et
484 784 597 868 quidni
613 786 721 869 potius
738 807 813 850 cum
831 808 976 851 nn11nno
995 795 1028 853 et
1042 808 1177 855 unsara

160 899 298 964 orationi
312 899 483 983 cogitando
496 898 650 963 addemus
664 898 797 964 verbum
810 898 903 978 incl„
914 901 1001 984 quod
1014 903 1051 971 in
1065 909 1178 987 posta-

159 1014 235 1077 riori
261 1034 390 1097 quoque
412 1013 556 1078 membro
578 1014 732 1078 omissum
754 1020 816 1092 est,
838 1036 935 1097 quam
956 1016 1053 1100 longe
1073 1038 1176 1099 quae-

159 1127 221 1190 sita
241 1127 298 1193 illa
318 1125 368 1207 εὶς
387 1118 618 1217 τὸν-κόσμον
639 1127 825 1217 εἰσῆλθεν,
847 1150 931 1212 quae
953 1147 1177 1195 nannetum-

159 1260 275 1318 csnus,
306 1261 451 1306 ussurus
481 1248 516 1306 et
543 1245 753 1319 alienamus,
779 1247 854 1327 post
883 1262 1110 1307 osouunurun
1139 1250 1177 1311 ot

157 1355 276 1419 multos
297 1355 393 1434 elios,
414 1355 540 1419 auctori
560 1361 636 1420 ante
658 1356 767 1420 oculos
793 1355 960 1421 obversata
983 1378 1054 1422 esse
1078 1363 1184 1443 puta·

157 1471 253 1534 runt?
273 1471 408 1534 Mortem
430 1469 569 1552 denique
586 1472 757 1533 naturalem
775 1468 928 1535 vocabulo
945 1462 1112 1551 θάνατος
1129 1472 1177 1537 si·
1232 1482 1237 1495 '

157 1584 315 1668 gnificari,
340 1584 418 1647 inde
444 1583 511 1647 iam
538 1582 763 1666 intelligimus,
791 1583 878 1665 quod
906 1584 987 1649 illud
1016 1585 1177 1669 superiori

156 1699 297 1791 νεκρῶν
328 1696 507 1781 respondet
536 1697 607 1760 Nec
639 1695 700 1760 hoc
729 1701 838 1761 tamen
866 1696 1014 1781 impedit,
1044 1700 1176 1780 quomi-

156 1835 217 1875 nus
236 1810 424 1894 cogitationi
442 1811 548 1874 mortis
565 1808 794 1892 cogitationem
811 1810 985 1893 adiungere
999 1809 1177 1881 debeamus

156 1928 295 1989 miseriae
324 1946 399 1988 cum
426 1929 529 1988 morte
555 1943 725 1987 connexae.
751 1925 793 1987 In
819 1924 988 2007 posteriori
1012 1924 1177 2005 membro,

155 2061 256 2122 quum
270 2039 340 2103 sine
358 2037 506 2102 Articulo
522 2037 649 2120 legatur
663 2041 792 2101 tantum
804 2027 998 2117 ἀνάστασις
1011 2040 1176 2131 νεκρῶν,

154 2154 240 2236 quod
267 2152 417 2218 convenit
445 2150 615 2215 vernacisso
644 2171 713 2215 certe
741 2152 922 2234 epotandiaq
949 2172 1010 2217 oon
1040 2153 1176 2234 ἀοοάιιι,

154 2268 328 2353 Apostolus
371 2286 439 2330 non
483 2265 639 2349 spectavit
681 2265 813 2328 redium
856 2267 943 2329 illum
981 2273 1178 2333 malacum

154 2384 300 2458 muium,
313 2401 409 2463 quem
423 2378 520 2462 vulgo
531 2379 689 2463 appellare
701 2378 852 2443 solemus:
866 2380 903 2444 de
917 2381 1099 2463 satanam
1113 2381 1176 2447 der

154 2495 276 2559 duom
293 2493 358 2559 Sed
373 2495 509 2557 Graeca:
524 2488 584 2562 xcii
598 2483 651 2561 δι’
667 2482 875 2583 ἀνθρώπου
889 2483 1085 2574 ἀνάστασις
1102 2516 1175 2567 νε-

151 2610 267 2701 κρῶν,
289 2605 528 2690 interpretanda
553 2611 644 2670 sunt:
670 2607 762 2671 ellam
780 2626 842 2688 per
870 2608 1020 2671 homiuem
1039 2608 1175 2689 factum

151 2729 209 2800 ecl,
238 2728 273 2786 ul
301 2721 406 2786 botas
433 2722 473 2785 sit
500 2726 688 2784 mortuorum
715 2722 749 2783 la
778 2721 872 2783 citam
901 2721 1024 2784 reditus.
1051 2722 1171 2787 Oratio

151 2837 265 2920 igitur,
287 2841 326 2899 nt
351 2839 464 2899 contra
484 2852 665 2897 ennv1uuu
690 2853 854 2897 nnnunus
876 2833 958 2899 bene
979 2835 1126 2913 monuit,
1150 2856 1174 2901 a

152 2970 245 3014 causo
266 2951 341 3013 mall
366 2951 492 3030 effeetus
508 2947 559 3010 od
577 2948 705 3011 ιὶιιιίἱιιιι
727 2966 850 3011 oausam
872 2951 1021 3012 contrarii
1041 2952 1173 3031 effectas

150 3063 360 3150 progreditur.
378 3065 463 3140 Nec,
482 3061 510 3125 si
528 3081 635 3126 veram
653 3060 818 3126 notionem
836 3061 984 3127 vocabuli
1000 3052 1173 3133 ἀνάπα-

150 3200 203 3260 σις
218 3200 293 3244 cum
311 3197 483 3242 osrsunno
501 3174 636 3259 aliisque
652 3174 879 3260 interpretibus
893 3181 1056 3253 tenemus,
1071 3176 1173 3243 video

150 3315 239 3372 sane,
266 3293 346 3376 quid
374 3290 613 3356 ratiocinationi
640 3310 679 3354 ex
707 3289 755 3354 rei
780 3294 897 3354 natura
921 3289 1042 3373 petitae
1069 3289 1171 3371 insit,

150 3407 236 3490 quod
261 3406 443 3470 molestiam
471 3411 558 3470 creet
585 3402 821 3488 interpretibus.
848 3403 932 3468 Inde
959 3424 1051 3482 sero,
1076 3404 1171 3487 quod

148 3519 273 3584 homini
306 3518 404 3583 homo
433 3519 621 3603 opponitur,
652 3515 861 3581 offensionem
891 3521 1019 3583 tantum
1052 3538 1172 3602 capere

149 3637 298 3718 possunt,
313 3633 369 3715 qui
388 3650 562 3697 csnrsrun
576 3630 675 3695 talem
692 3629 792 3697 fuisse
810 3635 927 3716 putent
945 3631 1065 3699 Filium
1083 3631 1170 3710 Dei,

148 3753 186 3812 ut
207 3745 294 3812 idem
316 3746 414 3810 homo
436 3766 503 3810 non
526 3748 617 3810 esset.

558 4128 665 4185 vers.
686 4129 749 4184 ²2.

192 4311 483 4379 Ratiocinationem
508 4331 616 4376 versus
642 4307 861 4396 praecedentis
883 4331 970 4376 nuno
992 4309 1171 4397 adstringit
