2656 4890
293 1028 510 1134 edonem
534 1024 814 1129 BENEDICTO
838 1023 1015 1148 WlNER

503 1239 652 1281 Turonooo
666 1235 797 1280 Llesrarsl

245 1537 473 1626 WESSELUS
515 1536 739 1624 ALBERTUS
774 1536 860 1623 vm
894 1532 1066 1621 liddam

493 1735 657 1776 ruromods
671 1732 817 1776 unlnrrels.

560 2058 759 2088 -„-..0...-

195 2348 308 2448 ltaque
333 2366 463 2430 tandem
485 2367 878 2459 aliquando,·»Clarisqime
908 2367 1040 2427 wruaa!
1068 2361 1164 2425 Com-

150 2479 341 2558 mentarius,
373 2500 467 2562 quem
496 2479 556 2543 tibi
579 2477 813 2574 plusiaemel'r'i
825 2485 886 2544 ¹me
907 2474 1010 2563 parari
1033 2478 1164 2563 scripse·

150 2615 234 2669 ram,
269 2594 354 2677 typis
384 2614 518 2657 excusus
545 2600 601 2658 est.
632 2587 801 2688 (diiantum
830 2592 902 2659 Deo
929 2593 1078 2670 debeam,
1108 2592 1165 2675 qui

151 2713 350 2770 senectutem
375 2707 455 2769 mihi
482 2706 585 2785 dedit,
608 2707 777 2790 nequead
799 2707 863 2770 alia
879 2702 991 2771 'studia
1011 2707 1163 2783 inertem,

152 2840 257 2901 neque
282 2820 358 2882 huic
379 2819 478 2883 labori
505 2820 673 2905 imparem,
696 2841 754 2904 pro
776 2819 921 2885 beneficii
942 2817 1166 2903 magnitudine

151 2932 255 2997 verbis
286 2932 441 3016 explicare
477 2953 609 3016 nequeo.
640 2934 820 2998 Hominum
854 2940 977 3011 autem,
1008 2933 1178 3017 amicitiae,

152 3045 280 3108 vinculo
309 3066 435 3109 mecum
457 3046 714 3126 coniunctorum,
736 3048 900 3112 neminem
922 3047 1092 3126 habebam,
1115 3047 1168 3110 cui

151 3157 293 3222 laborem
326 3158 419 3221 illum
452 3159 559 3243 potius
582 3181 679 3242 quam
700 3159 760 3224 tibi
784 3160 970 3224 dedicarem.
994 3161 1065 3224 Nec
1086 3157 1167 3222 mihi

151 3271 326 3354 quidquam
355 3271 527 3336 iucundius
558 3279 639 3349 erat,
669 3294 765 3355 quam
788 3293 845 3357 per
865 3273 949 3336 hauc
969 3272 1167 3337 occasionem

152 3383 277 3468 publice
296 3384 474 3462 testificari,
495 3386 607 3468 quanti
629 3391 677 3464 te,
689 3387 749 3451 Vir
768 3385 944 3451 Praeclare!
967 3385 1091 3450 faciam.
1105 3383 1170 3450 Sed

152 3497 240 3574 libri,
260 3497 301 3559 ad
322 3498 413 3561 ouius
437 3497 610 3565 editionem
631 3506 669 3563 tu
691 3500 759 3584 ipse
777 3521 830 3565 me
849 3499 1007 3576 excitasti,
1018 3499 1053 3562 in
1066 3499 1171 3562 fronto

154 3631 282 3692 quoque
304 3616 398 3674 tuum
421 3616 527 3675 extare
550 3611 695 3676 volebam
713 3634 846 3691 nomen,
870 3613 961 3677 cuius
980 3611 1171 3676 auctoritate

155 3723 226 3786 aliia
248 3723 531 3789 commendaretur.

201 3836 406 3919 Propositum
428 3837 658 3903 commentarii
679 3841 714 3903 in
735 3839 906 3923 Epistolcm
928 3857 1030 3903 rrum
1054 3839 1170 3902 odRo·

156 3970 261 4014 monoa
279 3948 452 4027 scribendi,
471 3951 557 4034 quod
579 3952 644 4016 iam
663 3952 787 4016 dudum
805 3959 912 4017 tecum
925 3951 1169 4029 communicavi,

155 4064 198 4129 ad
210 4064 359 4128 effectum
370 4065 641 4148 nonpervenisse,
653 4086 761 4150 aegre,
774 4085 905 4149 quaeso,
917 4065 1000 4131 ferre
1010 4063 1087 4128 noli.
1099 4063 1170 4127 Pri-

155 4201 248 4243 mum
261 4179 360 4256 enim,
374 4180 544 4262 quominus
555 4180 724 4243 consilium
735 4177 817 4243 illud
827 4179 889 4243 rite
899 4197 1094 4263 peragerem,
1106 4176 1167 4240 im·

153 4292 340 4378 pedimento
352 4294 432 4357 mihi
442 4295 649 4377 necopinatua
660 4293 835 4357 multarum
845 4291 909 4355 fuit
921 4291 1165 4374 occupationum
